This file was created with JabRef 1.6.
Encoding: Cp1252

@ARTICLE{Andrzejewski1960,
  author = {B. W. Andrzejewski},
  year = {1960},
  title = {The Categories of Number in Noun Forms in the Borana Dialect of Galla},
  journal = {Africa},
  volume = {30},
  number = {1},
  pages = {62-75},
  owner = {snordhoff},
}

@BOOK{Hayward1984,
  author = {Dick Hayward},
  year = {1984},
  title = {The Arbore language : a first investigation, including a vocabulary},
  address = {Hamburg},
  publisher = {H. Buske},
  series = {Kuschitische Sprachstudien},
  owner = {snordhoff},
}

