This file was created with JabRef 1.8.1.
Encoding: Cp1252

@ARTICLE{BobergEtAl1993,
  author = {Jorma Boberg and Tapio Salikowski},
  year = {1993},
  title = {General formulation and evaluation of agglomerative clustering methods
	with metric and non-metric distances},
  journal = {Pattern Recognition},
  volume = {26},
  number = {9},
  pages = {1395-1406},
  owner = {snordhoff},
  timestamp = {2006.07.03},
}

@ARTICLE{Dunn1974,
  author = {J. C. Dunn},
  year = {1974},
  title = {Well Separated Clusters and Optimal Fuzzy Partitions},
  journal = {Journal of Cybernetics},
  volume = {4},
  pages = {95-104},
  owner = {snordhoff},
  timestamp = {2006.06.21},
}

@ARTICLE{EisenEtAl1998,
  author = {Michael B. Eisen and Paul T. Spellman and Patrick O. Brown and David
	Botstein},
  year = {1998},
  title = {Cluster analysis and display of genome-wide expression patterns},
  journal = {Proc. Natl. Acad. Sci. USA},
  volume = {95},
  pages = {14863-14868},
  owner = {snordhoff},
  timestamp = {2006.07.03},
}

@INPROCEEDINGS{EsterEtAl1996,
  author = {M Ester and H.P. Kriege; and J. Wimmer and X. Xu},
  title = {A Density-Based Alguorithm for Discovering Clusters in Large Spatial
	Databases with Noise},
  booktitle = {Proceedings of 2nd Int. Conf. On Knowledge Discovery and Data Mining},
  year = {1996},
  address = {Portland},
  owner = {snordhoff},
  timestamp = {2006.06.21},
}

@INPROCEEDINGS{GuhaEtAl1999,
  author = {Sudipto Guha and Rajeev  Rastogi and Kyuseok  Shim},
  title = {ROCK: A Robust Clustering Algorithm for Categorial Attributes},
  booktitle = {Proceedings of IEEE Conference on Data Engineering},
  year = {1999},
  owner = {snordhoff},
  timestamp = {2006.06.21},
}

@INPROCEEDINGS{GuhaEtAl1998,
  author = {Sudipto Guha and Rajeev  Rastogi and Kyuseok  Shim},
  title = {CURE: An Efficient Clustering Algorithm for Large Databases},
  booktitle = {Proceedings of the ACM SIGMOD Conference},
  year = {1998},
  owner = {snordhoff},
  timestamp = {2006.06.21},
}

@ARTICLE{GuoEtAl2003,
  author = {Diansheng Guo and Donna J. Peuquet and Mark Gahegan},
  year = {2003},
  title = {ICEAGE: Interactive Clustering and Exploration of Large and High-Dimensional
	Geodata},
  journal = {Geoinformatica},
  volume = {7},
  number = {3},
  pages = {229-253},
  address = {Hingham, MA, USA},
  owner = {snordhoff},
  publisher = {author = {Diansheng Guo and Donna J. Peuquet and Mark Gahegan},
	
	 title = {ICEAGE: Interactive Clustering and Exploration of Large
	and High-Dimensional Geodata},
	
	 journal = {Geoinformatica},
	
	 volume = {7},
	
	 number = {3},
	
	 year = {2003},
	
	
	Kluwer Academic Publishers},
  timestamp = {2006.07.03},
}

@ARTICLE{HalkidiEtAl2001,
  author = {Maria Halkidi and Yannis Batistakis and Michalis Vazirgiannis},
  year = {2001},
  title = {On clustering validation techniques},
  journal = {Journal of Intelligent Information Systems},
  volume = {17},
  number = {2/3},
  pages = {107-145},
  owner = {snordhoff},
  timestamp = {2006.06.19},
}

@INPROCEEDINGS{HalikidEtAl2001conf,
  author = {Maria Halkidi and Michalis Vazirgiannis},
  title = {Clustering Validity Assessment: Finding the optimal partitioning
	of a data set},
  booktitle = {Internation Conference on Data Mining},
  year = {2001},
  pages = {187-194},
  owner = {snordhoff},
  timestamp = {2006.06.19},
}

@BOOK{HanEtAl2001,
  author = {Jiawei Han and Micheline Kamber},
  year = {2001},
  title = {Data Mining -- Concepts and Techniques},
  publisher = {Morgan Kaufmann},
  address = {San Francisco},
  owner = {snordhoff},
  timestamp = {2006.06.22},
}

@BOOK{JainEtAl1988,
  author = {A. K. Jain and R. C. Dubes},
  year = {1988},
  title = {Algorithms for clustering data},
  publisher = {Prentice Hall},
  address = {Englewood Cliffs},
  owner = {snordhoff},
  timestamp = {2006.07.03},
}

@ARTICLE{JainEtAl1999,
  author = {Jain, A.K. and Murty, M.N. and Flynn, P.J.},
  year = {1999},
  title = {Data Clustering: A Review},
  volume = {31},
  number = {3},
  pages = {264-323},
  owner = {snordhoff},
  timestamp = {2006.07.03},
}

@CONFERENCE{KovacsEtAl2005,
  author = {Ferenc Kov\'acs and Csaba Leg\'any and Attila Babos},
  title = {Cluster Validity Measurement Techniques},
  booktitle = {Proc. of the 6th International Symposium of Hungarian Researchers
	on Computational Intelligence},
  year = {2005},
  owner = {snordhoff},
  timestamp = {2006.06.19},
}

@ARTICLE{KullbackEtAl1951,
  author = {S. Kullback and R. A. Leibler},
  year = {1951},
  title = {On information and sufficiency},
  journal = {Annals of Mathematical Statistics},
  volume = {22},
  number = {1},
  pages = {79–86,},
  owner = {snordhoff},
  timestamp = {2006.06.22},
}

@ARTICLE{PalEtAl1993,
  author = {Nikhil R. Pal and Sankar K. Pal},
  year = {1993},
  title = {A review on image segmentation techniques},
  journal = {Pattern Recognition},
  volume = {26},
  number = {9},
  pages = {1277- 1294},
  owner = {snordhoff},
  timestamp = {2006.07.03},
}

@INPROCEEDINGS{RayEtAl1999,
  author = {Siddheswar Ray and Rose H. Turi},
  title = {Determination of Number of Clusters in K-Means Clustering and Application
	in Colour Image Segmentation},
  booktitle = {Proceedings of the 4th International Conference on Advances in Pattern
	Recognition and Digital Techniques},
  year = {1999},
  pages = {137-143},
  owner = {snordhoff},
  timestamp = {2006.07.03},
}

@INPROCEEDINGS{SalvadorEtAl2004,
  author = {Stan Salvador and Philip Chan},
  title = {Determining the number of clusters/segments in hierarchical clustering/segmentation
	algorithms},
  booktitle = {16th IEEE International Conference on Tools with Artificial Intelligence},
  year = {2004},
  pages = {576- 584},
  owner = {snordhoff},
  timestamp = {2006.07.03},
}

@MISC{SchoneEtAl2001,
  author = {Patrick Schone and Daniel Jurafsky},
  title = {Language-independent Induction of Part of Speech Class Labels Using
	Only Language Universals},
  year = {2001},
  owner = {snordhoff},
  timestamp = {2006.07.03},
}

@ARTICLE{Shannon1948,
  author = {Claude Shannon},
  year = {1948},
  title = {A Mathematical Theory of Communication},
  journal = {The Bell System Technical Journal},
  pages = {379-423, 623-656},
  owner = {snordhoff},
  timestamp = {2006.06.22},
}

@BOOK{Sharma1996,
  author = {Subhash C. Sharma},
  year = {1996},
  title = {Applied multivariate techniques},
  publisher = {John Wiley and Sons},
  address = {London},
  owner = {snordhoff},
  timestamp = {2006.06.21},
}

@BOOK{TheodoridisEtAl2006,
  author = {Sergios Theodoridis and Konstantinos Koutroumbas},
  year = {2006},
  title = {Pattern Recognition},
  publisher = {Academic Press},
  edition = {3},
  owner = {snordhoff},
  timestamp = {2006.06.21},
}

@INPROCEEDINGS{Ushioda1996,
  author = {Akira Ushioda},
  title = {Hierarchical Clustering of Words.},
  booktitle = {16th International Conference on Computational Linguistics, Proceedings
	of the Conference},
  year = {1996},
  pages = {1159-1162},
  owner = {snordhoff},
  timestamp = {2006.07.03},
}

@CONFERENCE{WangEtAl2006,
  author = {Wen Wang and Dimitra Vergyri},
  title = {The Use of Word N-grams and Parts of Speech for Hierarchical Cluster
	Language Modeling.},
  booktitle = {Proceedings of the IEEE International Conference on Acoustic, Speech
	and Signal Processing},
  year = {2006},
  owner = {snordhoff},
  timestamp = {2006.07.03},
}

@ARTICLE{Zadeh1965,
  author = {Lofti Asker Zadeh},
  year = {1965},
  title = {Fuzzy sets},
  journal = {Information and control},
  volume = {8},
  pages = {338-353},
  owner = {snordhoff},
  timestamp = {2006.06.22},
}

