This file was created with JabRef 1.8.1.
Encoding: Cp1252

@BOOK{Fauconnier1985,
  author = {Gilles Fauconnier},
  year = {1994[1985]},
  title = {Mental spaces: aspects of meaning : construction in natural language},
  publisher = {CUP},
  address = {Cambridge},
  owner = {snordhoff},
  timestamp = {2005.10.17},
}

@BOOK{Heine1997,
  author = {Heine, Bernd},
  year = {1997},
  title = {Cognitive foundations of grammar},
  publisher = {OUP},
  address = {New York and Oxford},
  owner = {snordhoff},
  timestamp = {2005.10.17},
}

@BOOK{Langacker1991,
  author = {Ronald W. Langacker},
  year = {1991},
  title = {Foundations of Cognitive Grammar},
  publisher = {Stanford University Press},
  address = {Stanford},
  owner = {snordhoff},
  timestamp = {2005.10.17},
}

@INCOLLECTION{Rosch1981,
  author = {Eleanor Rosch},
  year = {1981},
  title = {Human Categorization},
  editor = {Neil Warren},
  booktitle = {Studies in Cross-cultural psychology},
  pages = {1--49},
  address = {London},
  publisher = {Academic Press},
  owner = {snordhoff},
  timestamp = {2007.01.23},
}

@ARTICLE{Rosch1975representation,
  author = {Eleanor Rosch},
  year = {1975},
  title = {Cognitive representation of semantic categories},
  journal = {Journal of Experimental Psychology: General},
  volume = {104},
  pages = {192-233},
  owner = {snordhoff},
  timestamp = {2006.07.03},
}

@ARTICLE{Rosch1973natural,
  author = {Eleanor Rosch},
  year = {1973},
  title = {Natural categories},
  journal = {Cognitive Psychology},
  volume = {4},
  pages = {328-350},
  owner = {snordhoff},
  timestamp = {2006.06.22},
}

