% This file was created with JabRef 2.3.1.
% Encoding: Cp1252

@INCOLLECTION{Austin2006,
  author = {Peter Austin},
  title = {Data and language documentation},
  crossref = {GippertEtAl2006},
  pages = {87--112},
  owner = {snordhoff},
  timestamp = {2007.07.26}
}

@INCOLLECTION{Chappel2007,
  author = {Hilary Chappel},
  title = {From Eurocentrism to Sinocentrism: The case of disposal constructions
	in Sinitic languages},
  crossref = {AmekaEtAl2007},
  pages = {441-486},
  owner = {snordhoff},
  timestamp = {2007.07.26}
}

@INCOLLECTION{Comrie1998,
  author = {Bernard Comrie},
  title = {Ein Strukturrahmen für deskriptive Grammatiken: Allgemeine Bemerkungen},
  crossref = {Zaefferer1998ed},
  pages = {7--16},
  owner = {snordhoff},
  timestamp = {2007.07.26}
}

@INCOLLECTION{Cristofaro2007,
  author = {Sonia Cristofaro},
  title = {The organization of reference grammars: a typologist user's point
	of view},
  crossref = {AmekaEtAl2007},
  pages = {137--170},
  owner = {snordhoff},
  timestamp = {2007.07.26}
}

@INCOLLECTION{Dryer2006blt,
  author = {Matthew Dryer},
  title = {Descriptive theories, explanatory theories, and Basic Linguistic
	Theory},
  crossref = {AmekaEtAl2006},
  pages = {207--234},
  owner = {snordhoff},
  timestamp = {2007.07.26}
}

@INCOLLECTION{Enfield2007,
  author = {Nick Enfield},
  title = {Heterosemy and the grammar-lexicon trade-off},
  crossref = {AmekaEtAl2007},
  pages = {297--320},
  owner = {snordhoff},
  timestamp = {2007.07.26}
}

@INCOLLECTION{EvansEtAl2007,
  author = {Nicholas Evans and Alan Dench},
  title = {Introduction: Catching Language},
  crossref = {AmekaEtAl2007},
  pages = {1--40},
  owner = {snordhoff},
  timestamp = {2007.07.26}
}

@INCOLLECTION{EvansEtAl2007intro,
  author = {Nick Evans and Alan Dench},
  title = {Introduction: Catching Language},
  crossref = {AmekaEtAl2007},
  pages = {1--40},
  owner = {snordhoff},
  timestamp = {2007.10.12}
}

@INCOLLECTION{LaPollaEtAl2007,
  author = {Randy LaPolla and Dory Poa},
  title = {On describing word order},
  crossref = {AmekaEtAl2007},
  pages = {269--296},
  owner = {snordhoff},
  timestamp = {2007.07.26}
}

@INCOLLECTION{Lehmann1998,
  author = {Christian Lehmann},
  title = {Ein Strukturrahmen für deskriptive Grammatiken},
  crossref = {Zaefferer1998ed},
  pages = {39--52},
  owner = {snordhoff},
  timestamp = {2007.07.26}
}

@INCOLLECTION{Mosel2006,
  author = {Ulrike Mosel},
  title = {Sketch Grammar},
  crossref = {GippertEtAl2006},
  pages = {301--310},
  owner = {snordhoff},
  timestamp = {2007.07.26}
}

@INCOLLECTION{Mosel2007,
  author = {Urlike Mosel},
  title = {Grammaticography: The art and craft of writing grammars},
  crossref = {AmekaEtAl2007},
  owner = {snordhoff},
  timestamp = {2007.07.26}
}

@INCOLLECTION{Rice2007,
  author = {Keren Rice},
  title = {Let the language tell its story? The role of linguistic theory in
	writing grammars},
  crossref = {AmekaEtAl2007},
  pages = {235--268},
  owner = {snordhoff},
  timestamp = {2007.07.26}
}

@INCOLLECTION{Schmidt2003,
  author = {Ruth Laila Schmidt},
  title = {Urdu},
  crossref = {IndoAryanLanguages},
  pages = {286--351},
  owner = {snordhoff},
  timestamp = {2009.01.05}
}

@INCOLLECTION{SchultzeBerndt1998,
  author = {Eva Schultze-Berndt},
  title = {Zur Interaktion von semasiologischer und onomasiologischer Grammatik:
	Der Verbkomplex im Jaminjung},
  crossref = {Zaefferer1998ed},
  pages = {149--176},
  owner = {snordhoff},
  timestamp = {2007.07.26}
}

@INCOLLECTION{SchultzeBerndt2007,
  author = {Eva Schultze-Berndt},
  title = {Taking a closer look at function verbs: Lexicon, grammar, or both?},
  crossref = {AmekaEtAl2007},
  pages = {359--392},
  owner = {snordhoff},
  timestamp = {2007.07.26}
}

@INCOLLECTION{Zaefferer1998,
  author = {Dietmar Zaefferer},
  title = {Ein Strukturrahmen für deskriptive Grammatiken: Die Beschreibung
	sprachlicher Funktionen.},
  crossref = {Zaefferer1998ed},
  pages = {29--38},
  owner = {snordhoff},
  timestamp = {2007.07.26}
}

@INCOLLECTION{Zaefferer1998intro,
  author = {Dietmar Zaefferer},
  title = {Einleitung: Allgemeine Vergleichbarkeit als Herausforderung für die
	Sprachbeschreibung},
  crossref = {Zaefferer1998ed},
  pages = {1--5},
  owner = {snordhoff},
  timestamp = {2007.07.26}
}

@INCOLLECTION{Zaefferer2007,
  author = {Dietmar Zaefferer},
  title = {Realizing Humboldt's dream: Cross-linguistic grammaticography},
  crossref = {AmekaEtAl2007},
  pages = {113--136},
  owner = {snordhoff},
  timestamp = {2007.07.26}
}

@PHDTHESIS{vanSchaaik1994,
  author = {Gerjan {van Schaaik}},
  title = {Studies in Turkish Grammar},
  school = {Universiteit van Amsterdam},
  year = {1994},
  owner = {snordhoff},
  timestamp = {2008.06.23}
}

@BOOK{Alpher1991,
  author = {B. Alpher},
  year = {1991},
  title = {Yir-Yoront lexicon: sketch and dictionary of an Australian language},
  address = {Berlin},
  publisher = {Mouton de Gruyter},
  owner = {snordhoff},
  timestamp = {2006.09.25}
}

@ARTICLE{Andrzejewski1960,
  author = {B. W. Andrzejewski},
  year = {1960},
  title = {The categories of number in noun forms in the Borana dialect of Galla},
  journal = {Africa},
  volume = {30},
  pages = {62--75},
  owner = {snordhoff},
  timestamp = {2006.09.11}
}

@BOOK{Arokhianatan1987,
  author = {S. Arokhianatan},
  year = {1987},
  title = {Tangkhul Naga Grammar},
  address = {Mysore},
  publisher = {Central Institue of Indian Languages},
  owner = {snordhoff},
  timestamp = {2007.07.26}
}

@ARTICLE{Bright2006,
  author = {Willilam Bright},
  year = {2006},
  title = {Contextualizing grammars},
  journal = {Studies in Language},
  volume = {30},
  number = {2},
  pages = {245-252},
  owner = {snordhoff},
  timestamp = {2006.05.02}
}

@ARTICLE{ComrieEtAl1977,
  author = {Comrie, Bernard and Smith, Norval},
  year = {1977},
  title = {The Lingua Descriptive Studies Questionnaire},
  journal = {Lingua},
  volume = {42},
  pages = {1-72},
  owner = {snordhoff},
  timestamp = {2006.05.02}
}

@ARTICLE{CorbettEtAl1987,
  author = {Greville C. Corbett and Richard Hayward},
  year = {1987},
  title = {Gender and number in Bayso},
  journal = {Lingua},
  volume = {73},
  number = {1--28},
  owner = {snordhoff},
  timestamp = {2006.09.11}
}

@BOOK{Donohue1999,
  author = {Mark Donohue},
  year = {1999},
  title = {A Grammar of Tukang Besi},
  address = {Berlin, New York},
  publisher = {Mouton de Gruyter},
  owner = {snordhoff},
  timestamp = {2006.05.02}
}

@INCOLLECTION{Drude2002,
  author = {Sebastian Drude},
  title = {Advanced glossing -- A language documentation format and its implementation
	with Shoebox},
  year = {2002},
  booktitle = {Proceedings of the International LREC workshop on Resources and Tools
	in Field Linguistics},
  editor = {Peter Austin and Helen Dry and Peter Wittenburg},
  owner = {snordhoff},
  timestamp = {2007.07.27}
}

@ARTICLE{Early2007,
  author = {Robert Early},
  year = {2007},
  title = {Review of A Grammar of South Efate: An Oceanic Language of Vanuatu},
  journal = {Language Documentation and Conservation},
  volume = {1},
  number = {1},
  pages = {112--122},
  owner = {snordhoff},
  timestamp = {2007.07.27}
}

@BOOK{Haspelmath1993,
  author = {Martin Haspelmath},
  year = {1993},
  title = {A Grammar of Lezgian},
  address = {Berlin, New York},
  publisher = {Mouton de Gruyter},
  owner = {snordhoff},
  timestamp = {2006.05.02}
}

@BOOK{Hayward1984,
  author = {Richard Hayward},
  year = {1984},
  title = {The Arbore language: a First Investigation: Including a Vocabulary},
  address = {Hamburg},
  publisher = {Buske},
  owner = {snordhoff},
  timestamp = {2006.09.11}
}

@BOOK{Hualde2005,
  author = {José Ignacio Hualde},
  year = {2005},
  title = {The Sounds of Spanish},
  address = {Cambridge},
  publisher = {CUP},
  owner = {snordhoff},
  timestamp = {2009.01.05}
}

@ARTICLE{Kadanya2006,
  author = {James Lokuuda Kadanya},
  year = {2006},
  title = {Writing Grammars for the community},
  journal = {Studies in Language},
  volume = {30},
  number = {2},
  pages = {253-257},
  owner = {snordhoff},
  timestamp = {2006.05.02}
}

@BOOK{Klamer1998,
  author = {Marian Klamer},
  year = {1998},
  title = {A grammar of Kambera},
  address = {Berlin},
  publisher = {Mouton de Gruyter},
  owner = {snordhoff},
  timestamp = {2008.07.01}
}

@BOOK{Kouwenberg1993,
  author = {Silvia Kouwenberg},
  year = {1993},
  title = {A Grammar of Berbice Dutch Creole},
  address = {Berlin, New York},
  publisher = {Mouton de Gruyter},
  owner = {snordhoff},
  timestamp = {2006.05.04}
}

@INCOLLECTION{Lehmann1989,
  author = {Christian Lehmann},
  title = {Language description and general comparative grammar},
  year = {1989},
  booktitle = {Reference grammars and modern linguistic theory},
  editor = {Gottfried Graustein and Gerhard Leitner},
  address = {Tübingen},
  publisher = {M. Niemeyer},
  pages = {133-162},
  owner = {snordhoff},
  timestamp = {2007.01.08}
}

@INCOLLECTION{Lehmannfunkt,
  author = {Christian Lehmann},
  title = {Funktionale Grammatikographie},
  year = {2004},
  booktitle = {Dimensionen und Kontinua. Beiträge zu Hansjakob Seilers Universalienforschung.},
  editor = {Waldfried Premper},
  address = {Bochum},
  publisher = {N. Brockmeyer},
  pages = {147-165},
  owner = {snordhoff},
  timestamp = {2007.07.27}
}

@INCOLLECTION{Lehmann2004docu,
  author = {Christian Lehmann},
  title = {Documentation of grammar},
  year = {2004},
  booktitle = {Lectures on endangered languages: 4. From Kyoto Conference 2001},
  editor = {Osamu Sakiyama and Fubito Endo and Honore Watanabe and Fumiko Sasama},
  address = {Osaka},
  publisher = {Osaka Gakuin University},
  pages = {61-74},
  owner = {snordhoff},
  timestamp = {2007.07.27}
}

@INCOLLECTION{Lehmann2002,
  author = {Christian Lehmann},
  title = {Structure of a comprehensive presentation of a language},
  year = {2002},
  booktitle = {Basic materials in minority languages},
  editor = {Tasaku Tsunoda},
  address = {Osaka},
  publisher = {Osaka Gakuin University},
  pages = {5--33},
  owner = {snordhoff},
  timestamp = {2007.07.26}
}

@BOOK{Lehmann1993,
  author = {Christian Lehmann},
  year = {1993},
  title = {On the system of semasiological grammar},
  address = {Bielefeld},
  publisher = {Universität Bielefeld, Universität München},
  volume = {1},
  series = {Allgemein-Vergleichende Grammatik},
  owner = {snordhoff},
  timestamp = {2007.01.08}
}

@BOOK{LiEtAl1981,
  author = {Charles N. Li and Sandra A. Thompson},
  year = {1981},
  title = {Mandarin Chinese -- A functional reference grammar},
  address = {Berkeley},
  publisher = {University of California Press},
  owner = {snordhoff},
  timestamp = {2006.05.04}
}

@ARTICLE{Mithun2006,
  author = {Marianne Mithun},
  year = {2006},
  title = {Grammars and the community},
  journal = {Studies in Language},
  volume = {30},
  number = {2},
  pages = {281-306},
  owner = {snordhoff},
  timestamp = {2006.05.02}
}

@BOOK{MorseEtAl1999,
  author = {Nancy L. Morse and Michael B. Maxwell},
  year = {1999},
  title = {Cubeo grammar},
  address = {Arlington},
  publisher = {SIL and The University of Texas},
  owner = {snordhoff},
  timestamp = {2007.07.26}
}

@UNPUBLISHED{Mosel2004,
  author = {Ulrike Mosel},
  title = {Grammaticography, the art and craft of writing grammars},
  year = {2004},
  note = {ms, September 2004},
  month = {September},
  owner = {snordhoff},
  timestamp = {2007.01.08}
}

@BOOK{MoselEtAl1992,
  author = {Ulrike Mosel and Even Hovdhaugen},
  year = {1992},
  title = {Samoan Reference Grammar},
  address = {Oslo},
  publisher = {Scandinavian University Press},
  owner = {snordhoff},
  timestamp = {2006.06.21}
}

@INCOLLECTION{Mufwene1992,
  author = {Salikoko Mufwene},
  title = {Why Grammars are Not Monolithic},
  year = {1992},
  booktitle = {The Joy of Grammar},
  editor = {Diane Brentari and Gary N. Larson and Lynn A. MacLeod},
  address = {Amsterdam, Philadelphia},
  publisher = {John Benjamins},
  pages = {225--251},
  owner = {snordhoff},
  timestamp = {2006.08.08}
}

@ARTICLE{Munro2006,
  author = {Pamela Munro},
  year = {2006},
  title = {From parts of speech to the grammar},
  journal = {Studies in Language},
  volume = {30},
  number = {2},
  pages = {307-349},
  owner = {snordhoff},
  timestamp = {2006.05.02}
}

@BOOK{Neukom2001,
  author = {Lucas Neukom},
  year = {2001},
  title = {Santali},
  address = {Munich},
  publisher = {Lincom Europa},
  owner = {snordhoff},
  timestamp = {2008.07.01}
}

@BOOK{Nickles2001,
  author = {M. Nickles},
  year = {2001},
  title = {Systematics - Ein XML-basiertes Internet-Datenbanksystem für klassifikationsgestützte
	Sprachbeschreibungen},
  address = {München},
  publisher = {Centrum für Informations- und Sprachverarbeitung},
  owner = {snordhoff},
  timestamp = {2007.07.27}
}

@ARTICLE{Noonan2006,
  author = {Michael Noonan},
  year = {2006},
  title = {Grammar writing for a grammar-reading audience},
  journal = {Studies in Language},
  volume = {30},
  number = {2},
  pages = {351-365},
  owner = {snordhoff},
  timestamp = {2006.05.02}
}

@ARTICLE{Payne2006,
  author = {Thomas Payne},
  year = {2006},
  title = {A grammar as a communicative act or What does a grammatical description
	really describe?},
  journal = {Studies in Language},
  volume = {30},
  number = {2},
  pages = {367-383},
  owner = {snordhoff},
  timestamp = {2006.05.02}
}

@BOOK{Peterson2002,
  author = {John Peterson},
  year = {2002},
  title = {Cross-Linguistic Reference Grammar (Final report)},
  address = {München},
  publisher = {Centrum für Informations- und Sprachverarbeitung},
  owner = {snordhoff},
  timestamp = {2007.07.27}
}

@ARTICLE{Rice2006,
  author = {Keren Rice},
  year = {2006},
  title = {A typology of good grammars},
  journal = {Studies in Language},
  volume = {30},
  number = {2},
  pages = {385-415},
  owner = {snordhoff},
  timestamp = {2006.05.02}
}

@BOOK{Robson1992,
  author = {Stuart Robson},
  year = {1992},
  title = {Javanese grammar for students},
  address = {Clayton, Victoria},
  publisher = {Centre of Southeast Asian Studies, Monash University},
  owner = {snordhoff},
  timestamp = {2009.01.05}
}

@BOOK{Sasse1988,
  author = {Hans-Jürgen Sasse},
  year = {1988},
  title = {Der irokesische Sprachtyp.},
  address = {Köln},
  publisher = {Institut für Sprachwissenschaft},
  volume = {9},
  series = {Arbeitspapiere des Instituts f\"ur Sprachwissenschaft Neue Folge},
  owner = {snordhoff},
  timestamp = {2006.06.21}
}

@BOOK{Seiler1985,
  author = {Walter Seiler},
  year = {1985},
  title = {Imonda, a Papuan language},
  address = {Canberra},
  publisher = {Department of Linguistics},
  owner = {snordhoff},
  timestamp = {2006.09.11}
}

@BOOK{Thieberger2006,
  author = {Nicholas Thieberger},
  year = {2006},
  title = {A Grammar of South Efate: An Oceanic Language of Vanuatu},
  address = {Honolulu},
  publisher = {University of Hawai'i Press.},
  number = {33},
  series = {Oceanic Linguistics Special Publication},
  owner = {snordhoff},
  timestamp = {2007.03.15}
}

@BOOK{Watkins1984,
  author = {Laurel J. Watkins},
  year = {1984},
  title = {A grammar of Kiowa},
  address = {Lincoln, London},
  publisher = {University of Nebraska Press},
  owner = {snordhoff},
  timestamp = {2006.09.11}
}

@ARTICLE{Weber2006grow,
  author = {David Weber},
  year = {2006},
  title = {Thoughts on growing a grammar},
  journal = {Studies in Language},
  volume = {30},
  number = {2},
  pages = {417-444},
  owner = {snordhoff},
  timestamp = {2006.05.02}
}

@ARTICLE{Weber2006ex,
  author = {David J. Weber},
  year = {2006},
  title = {The linguistic example},
  journal = {Studies in Language},
  volume = {30},
  number = {2},
  pages = {445-460},
  owner = {snordhoff},
  timestamp = {2006.05.02}
}

@ARTICLE{Woodbury2003,
  author = {Tony Woodbury},
  year = {2003},
  title = {Defining documentary linguistics},
  journal = {Language Documentation and Description},
  volume = {1},
  pages = {35--51},
  owner = {snordhoff},
  timestamp = {2007.07.27}
}

@BOOK{AmekaEtAl2006,
  year = {2006},
  title = {Catching language -- The Standing Challenge of Grammar Writing},
  editor = {Felix K. Ameka and Alan Dench and Nicholas Evans},
  address = {Berlin, New York},
  publisher = {Mouton de Gruyter},
  owner = {snordhoff},
  timestamp = {2007.07.26}
}

@BOOK{GippertEtAl2006,
  year = {2006},
  title = {Essentials of language documentation},
  editor = {Jost Gippert and Nikolaus Himmelmann and Ulrike Mosel},
  address = {Berlin},
  publisher = {Mouton de Gruyter},
  owner = {snordhoff},
  timestamp = {2007.07.26}
}

@BOOK{IndoAryanLanguages,
  year = {2003},
  title = {The Indo-Aryan languages},
  editor = {Dhanesh Jain and George Cardona},
  address = {London},
  publisher = {Routledge},
  owner = {snordhoff},
  timestamp = {2009.01.05}
}

@BOOK{SiL2006,
  year = {2006},
  title = {Perspectives on Grammar Writing: Special issue of Studies in Language
	30:2},
  editor = {Thomas E. Payne and David J. Weber},
  address = {Amsterdam},
  publisher = {John Benjamins},
  owner = {snordhoff},
  timestamp = {2007.07.26}
}

@BOOK{Zaefferer1998ed,
  year = {1998},
  title = {Deskriptive Grammatik und allgemeiner Sprachvergleich},
  editor = {Dietmar Zaefferer},
  address = {Tübingen},
  publisher = {Niemeyer},
  owner = {snordhoff},
  timestamp = {2006.05.02}
}

@comment{jabref-meta: selector_journal:30;}

