This file was created with JabRef 1.8.1.
Encoding: Cp1252

@INCOLLECTION{DuBois1985,
  author = {John DuBois},
  title = {Competing motivations},
  crossref = {Haiman1985ed},
  pages = {343-65},
  owner = {snordhoff},
  timestamp = {2006.09.19},
}

@INCOLLECTION{Jakobson1971,
  author = {Roman Jakobson},
  title = {Signe zéro},
  crossref = {Jakobson1971a},
  year = {1971[1939]},
  owner = {snordhoff},
}

@BOOK{Dressler1985,
  author = {Dressler, Wolfgang U.},
  year = {1985},
  title = {Morphonology: the dynamics of derivation},
  address = {Ann Arbor},
  publisher = {Karoma},
  abstract = {mehr phonologisch als morphologisch Fallstudien Palatalisierung im
	Italienischen und Polnischen},
  owner = {snordhoff},
}

@BOOK{Greenberg1966,
  author = {Greenberg, Jospeh H.},
  year = {1976[1966]},
  title = {Language Universals - with special reference to feature hierarchies},
  address = {The Hague, Paris},
  publisher = {Mouton},
  abstract = {kleines gutes Buch},
  owner = {snordhoff},
}

@BOOK{Haiman1985erosion,
  author = {John Haiman},
  year = {1985},
  title = {Natural Syntax - Iconity and Erosion},
  address = {Cambridge},
  publisher = {CUP},
  owner = {snordhoff},
}

@ARTICLE{Haiman1980,
  author = {John Haiman},
  year = {1980},
  title = {The Iconicity of Grammar: Isomorphism and Motivation},
  journal = {Language},
  volume = {56},
  number = {3},
  pages = {515-540},
  owner = {snordhoff},
}

@BOOK{Jakobson1971a,
  author = {Roman Jakobson},
  year = {1971},
  title = {Word and language. Selected writings vol.2.},
  address = {The Hague, Paris},
  publisher = {Mouton},
  owner = {snordhoff},
}

@BOOK{Mayerthaler1988,
  author = {Mayerthaler, Willy},
  year = {1988},
  title = {Morphological Naturalness},
  address = {Ann Arbor},
  publisher = {Karoma},
  abstract = {grundlegendes Werk der natuerlichen Morphologie},
  owner = {snordhoff},
}

@BOOK{Wurzel1989,
  author = {Wurzel, Wolfgang Ulrich},
  year = {1989},
  title = {Inflectional Morphology and Naturalness},
  address = {Dordrecht, Boston, London},
  publisher = {Kluwer},
  owner = {snordhoff},
}

@BOOK{Wurzel1984,
  author = {Wurzel, Wolfgang Ulrich},
  year = {1984},
  title = {Flexionsmorphologie und Natürlichkeit},
  address = {Berlin},
  publisher = {Akademie-Verlag},
  owner = {snordhoff},
}

@BOOK{DresslerEtAl1987,
  editor = {Wolfgang Ulirich Dressler and Willi Mayerthaler and Oswald Panagl
	and Wolfgang U. Wurzel},
  year = {1987},
  title = {Leitmotifs in Natural Morphology},
  address = {Amsterdam, Philadelphia},
  owner = {snordhoff},
}

@BOOK{Haiman1985ed,
  editor = {John Haiman},
  year = {1985},
  title = {Iconicity in Syntax},
  address = {Amsterdam and Philadelphia},
  publisher = {John Benjamins},
  abstract = {Motivation Isomorphism and Automorphism Competing motivations/Dubois},
  owner = {snordhoff},
}

@BOOK{Simone1995,
  editor = {Raffaele Simone},
  year = {1995},
  title = {Iconicity in Language},
  address = {Amsterdam, Philadelphia},
  publisher = {John Benjamins},
  owner = {snordhoff},
}

