% This file was created with JabRef 2.3.1.
% Encoding: Cp1252

@INCOLLECTION{Abbi1990exp,
  author = {Anvita Abbi},
  title = {Experiental constructions and `subjecthood' of the experiencer NPs
	in South Asian languages},
  crossref = {VermaEtAlEd1990},
  year = {1990},
  pages = {253--267},
  owner = {snordhoff},
  timestamp = {2009.04.29}
}

@INCOLLECTION{Desilva1974,
  author = {M. W. Sugathpala {De Silva}},
  title = {Convergence in Diglossia: The Sinhalese situation},
  crossref = {SouthworthEtAl1974},
  year = {1974},
  pages = {60-91},
  owner = {snordhoff},
  timestamp = {2006.06.08}
}

@INCOLLECTION{Emeneau1974,
  author = {Murray B. Emeneau},
  title = {The Indian linguistic area revisited},
  crossref = {SouthworthEtAl1974},
  pages = {92-134},
  owner = {snordhoff},
  timestamp = {2006.06.08}
}

@INCOLLECTION{Emeneau1980revisited,
  author = {Murray B. Emeneau},
  title = {The Indian Linguistic Area Revisited},
  crossref = {Dil1980},
  pages = {197-249},
  owner = {snordhoff}
}

@INCOLLECTION{Fedson1993,
  author = {Vijarayani Jotimuttu Fedson},
  title = {Complex verb-verb predicates in Tamil},
  crossref = {VermaEd1993},
  year = {1993},
  pages = {63--75},
  owner = {snordhoff},
  timestamp = {2009.04.29}
}

@INCOLLECTION{Herring1994,
  author = {Susan Herring},
  title = {Afterthoughts, Antitopics, and Emphasis -- The syntacticization of
	Postverbal Position in Tamil},
  crossref = {ButtEtAl1994},
  year = {1994},
  pages = {119--152},
  owner = {snordhoff},
  timestamp = {2009.06.05}
}

@INCOLLECTION{Kachru1993,
  author = {Yamuna Kachru},
  title = {Verb serialization in syntax, typology and historical change},
  crossref = {VermaEd1993},
  year = {1993},
  pages = {115--133},
  owner = {snordhoff},
  timestamp = {2009.04.29}
}

@INCOLLECTION{Kuiper1974,
  author = {F. B. J. Kuiper},
  title = {The genesis of a linguistic area},
  crossref = {SouthworthEtAl1974},
  pages = {135-153},
  note = {reprinted from the \em Indo-Iranian Journal \em 10, 81-102, 1967},
  owner = {snordhoff},
  timestamp = {2006.06.08}
}

@INCOLLECTION{Masica1974,
  author = {Colin P. Masica},
  title = {The basic order typology as a definer of an Indian linguistic area},
  crossref = {SouthworthEtAl1974},
  pages = {154-180},
  owner = {snordhoff},
  timestamp = {2006.06.08}
}

@INCOLLECTION{SouthworthEtAl1974intro,
  author = {Franklin C. Southworth and Mahadev L. Apte},
  title = {Introduction},
  crossref = {SouthworthEtAl1974},
  pages = {1-19},
  owner = {snordhoff},
  timestamp = {2006.06.08}
}

@INCOLLECTION{Ulrich1974,
  author = {Helen E. Ulrich},
  title = {Morphological coexistence: A key to linguistic convergence},
  crossref = {SouthworthEtAl1974},
  pages = {224-230},
  owner = {snordhoff},
  timestamp = {2006.06.08}
}

@BOOK{Abbi1994,
  author = {Anvita Abbi},
  year = {1994},
  title = {Semantic universals in Indian languages},
  address = {Shimla},
  publisher = {Indian Institute of Advanced Study},
  owner = {snordhoff},
  timestamp = {2009.02.23}
}

@ARTICLE{AbbiEtAl1991evc,
  author = {Anvita Abbi and Devi Gopalakrishnan},
  year = {1991},
  title = {Semantics of explicator compound verbs in south Asian languages},
  journal = {Language Sciences},
  volume = {13},
  number = {2},
  pages = {161--180},
  owner = {snordhoff},
  timestamp = {2009.01.07}
}

@ARTICLE{Bean1974,
  author = {Susan Bean},
  year = {1974},
  title = {Linguistic Variation and Caste System in South Asia},
  journal = {Indian Linguistics},
  volume = {35},
  number = {4},
  pages = {277-293},
  owner = {snordhoff}
}

@BOOK{Bloch1934,
  author = {Jules Bloch},
  year = {1934},
  title = {L'indo-aryen du V\'eda aux temps modernes},
  address = {Paris},
  publisher = {Adrien-Maisonneuve},
  owner = {snordhoff},
  timestamp = {2009.01.26}
}

@INCOLLECTION{Emeneau1971dravidindoaryan,
  author = {Murray B. Emeneau},
  title = {Dravidian and Indo-Aryan: the Indian linguistic area},
  year = {1971},
  booktitle = {Symposium on Dravidian Civilization},
  editor = {Andr\'e F. Sjoberg},
  address = {Austin},
  publisher = {Center for Asian Studies, University of Texas at Austin},
  pages = {33--68},
  owner = {snordhoff},
  timestamp = {2009.02.23}
}

@ARTICLE{Emeneau1969ono,
  author = {Murray Barnson Emeneau},
  year = {1969},
  title = {Onomatopoetics in the Indian Linguistic Area},
  journal = {Language},
  volume = {45},
  number = {2},
  pages = {1274--99},
  owner = {snordhoff},
  timestamp = {2009.02.23}
}

@ARTICLE{Emeneau1956,
  author = {Murray B.  Emeneau},
  year = {1956},
  title = {India as a linguistic area},
  journal = {Language},
  volume = {32},
  pages = {3-16},
  owner = {ifa},
  status = {E}
}

@ARTICLE{FergusonEtAl1960,
  author = {Charles A. Ferguson and John J. Gumperz},
  year = {1960},
  title = {Linguistic Diversity in South Asia},
  journal = {International Journal for Dravidian Linguistics},
  volume = {26},
  number = {3},
  pages = {92-118},
  owner = {snordhoff}
}

@BOOK{Grierson1927[1967],
  author = {G. A. Grierson},
  year = {1927[1967]},
  title = {Linguistic Survey of India},
  address = {Delhi},
  publisher = {Motilal Banarsidoss},
  adress = {Delhi},
  owner = {snordhoff}
}

@BOOK{Hook1974,
  author = {Peter Edwin Hook},
  year = {1974},
  title = {The Compound Verb in Hindi},
  address = {Ann Arbor},
  publisher = {Center for South \& Southeast
	
	Asian Studies, University of Michigan.},
  owner = {snordhoff},
  timestamp = {2009.01.26}
}

@BOOK{Hosali2000,
  author = {Priya Hosali},
  year = {2000},
  title = {Butler English: Form and Function},
  address = {Delhi},
  publisher = {BRPC},
  owner = {snordhoff},
  timestamp = {2006.03.10}
}

@BOOK{Lassen1847,
  author = {Christian Lassen},
  year = {1847},
  title = {Indische Alterthumskunde},
  address = {Bonn},
  publisher = {Kittler/Williams \& Norgate},
  owner = {snordhoff},
  timestamp = {2009.03.25}
}

@BOOK{Masica1991,
  author = {Colin P. Masica},
  year = {1991},
  title = {The Indo-Aryan Languages},
  address = {Cambridge},
  publisher = {CUP},
  adress = {New York},
  owner = {ifa}
}

@BOOK{Masica1976,
  author = {Colin P. Masica},
  year = {1976},
  title = {Defining a Linguistic Area: South Asia},
  address = {Chicago},
  publisher = {University of Chicago Press},
  adress = {Chicago},
  owner = {ifa}
}

@INCOLLECTION{Mohanan1982,
  author = {K. P. Mohanan},
  title = {Grammatical Relations and Clause Structure in Malayalam},
  year = {1982},
  booktitle = {The Mental Representation of Grammatical Relations},
  editor = {Joan Bresnan},
  address = {Cambridge},
  publisher = {MIT Press},
  pages = {504--89},
  owner = {snordhoff},
  timestamp = {2009.01.26}
}

@BOOK{Nuhman2007,
  author = {M A Nuhman},
  year = {2007},
  title = {Sri Lankan Muslims -- Ethnic Identity within Cultural Diversity},
  address = {International Centre for Ethnic Studies},
  publisher = {Colombo},
  owner = {snordhoff},
  timestamp = {2009.04.24}
}

@BOOK{Pray1970,
  author = {Bruce Pray},
  year = {1970},
  title = {Topics in Hindi-Urdu Grammar},
  address = {Berkeley},
  publisher = {Center for South and
	
	Southeast Asia Studies},
  owner = {snordhoff},
  timestamp = {2009.01.26}
}

@BOOK{Ramaswami1999,
  author = {N. Ramaswami},
  year = {1999},
  title = {Common Linguistic Features in Indian Languages: Phonetics},
  address = {Mysore},
  publisher = {Central Institute of Indian Languages},
  owner = {snordhoff},
  timestamp = {2008.10.02}
}

@BOOK{ShapiroEtAl1981,
  author = {Michael C. Shapiro and Harold E. Schiffman},
  year = {1981},
  title = {Language and Society in South Asia},
  address = {Delhi},
  publisher = {Motilal Banarsidass},
  adress = {Delhi},
  owner = {ifa}
}

@BOOK{Tschacher2001,
  author = {Torsten Tschacher},
  year = {2001},
  title = {Islam in Tamil Nadu: Varia},
  address = {Halle (Saale)},
  publisher = {Institut für Indologie und Südasienwissenschaften der Martin-Luther-Universität
	Halle-Wittenberg},
  series = {Südasienwissenschaftliche Arbeitsblätter 2},
  owner = {snordhoff}
}

@BOOK{KachruEtAl1992,
  year = {1992},
  title = {Dimensions of South Asia as a Sociolinguistic Area: Papers in Memory
	of Gerald b. Kelley},
  editor = {Braj Kachru, Edward S. Dimhoek and Bh. Krishnamurti},
  address = {Delhi},
  publisher = {Oxford India Book House},
  adress = {New Delhi},
  owner = {ifa}
}

@BOOK{ButtEtAl1994,
  year = {1994},
  title = {Theoretical Perspectives on Word Order in South Asian Languages},
  editor = {Miriam Butt and Tracy Holloway King and Gillian Ramchand},
  publisher = {CSLI},
  owner = {snordhoff},
  timestamp = {2009.06.05}
}

@BOOK{DayalEtAl2004,
  year = {2004},
  title = {Clause Structure in South Asian Languages},
  editor = {Veneeta Dayal and Anoop Mahajan},
  address = {Boston, Dordrecht, London},
  publisher = {Kluwes},
  owner = {snordhoff},
  timestamp = {2006.03.10}
}

@BOOK{Dil1980,
  year = {1980},
  title = {Language and Linguistic Area -- Essays by Murray B. Emeneau},
  editor = {Anwar S. Dil},
  address = {Stanford},
  publisher = {Stanford University Press},
  owner = {snordhoff}
}

@BOOK{Gray1989,
  year = {1989},
  title = {Society from the Inside Out: Anthropological Perspectives on the
	South Asian Household},
  editor = {J. N. Gray and D. J. Mearns},
  address = {Delhi},
  publisher = {Sarge},
  owner = {snordhoff}
}

@BOOK{Kachru1979,
  year = {1979},
  title = {South Asian Language Analysis},
  editor = {Braj B. Kachru and Hans-Heinrich Hock and Yamuna Kachru},
  address = {Urbana-Champaign},
  publisher = {Dept. of Linguistics, University of Illinois},
  volume = {1},
  owner = {ifa}
}

@BOOK{KrishnamurtiEtAl1986,
  year = {1986},
  title = {South Asian Languages: Structural Convergence and Diglossia},
  editor = {Bh. Krishnamurti and Colin P. Masica and Anjani K. Sinha},
  address = {New Delhi},
  publisher = {Motilal Banarsidas},
  note = {Singel 425},
  adress = {Delhi},
  owner = {ifa}
}

@BOOK{SouthworthEtAl1974,
  year = {1974},
  title = {Contact and Convergence in South Asian Languages},
  editor = {Franklin C. Southwoth and Mahadev L. Apte},
  address = {Trivandrum},
  publisher = {International Journal of Dravidian Linguistics},
  owner = {snordhoff},
  timestamp = {2006.06.08}
}

@BOOK{VermaEd1993,
  year = {1993},
  title = {Complex Predicates in South Asian Languages},
  editor = {M.K. Verma},
  address = {Delhi},
  publisher = {Motilal Banarsidass},
  owner = {snordhoff},
  timestamp = {2009.04.29}
}

@BOOK{Verma1976,
  year = {1976},
  title = {The Subject in South Asian Languages},
  editor = {Manindra Verma},
  address = {Madison},
  publisher = {University of Wisconsin South Asia Program},
  adress = {Madison},
  owner = {ifa}
}

@BOOK{VermaEtAl1990,
  year = {1990},
  title = {Experiencer Subjects in South East Asian Languages},
  editor = {M. Verma and K. P. Mohanan},
  address = {Stanford},
  publisher = {CSLI},
  adress = {Stanford},
  owner = {ifa},
  timestamp = {2009.02.05}
}

@BOOK{VermaEtAlEd1990,
  year = {1990},
  title = {Experiencer subjects in South Asian languages},
  editor = {Manindra K. Verma and Karuvannur Puthanveettil Mohanan},
  address = {Stanford},
  publisher = {Center for the Study of Language and Information},
  owner = {snordhoff},
  timestamp = {2009.04.29}
}

@BOOK{ILCAA1999,
  year = {1999},
  title = {Working papers, International Symposium on South Asian Languages:
	Contact, convergence and typology},
  address = {Tokyo},
  publisher = {ILCAA},
  owner = {snordhoff},
  timestamp = {2006.04.19}
}

@comment{jabref-meta: selector_author:Morphological coexistence;}

