@BOOK{Ayala1993,
        AUTHOR = {Ayala, J.V.},
        TITLE  = "Gram\'{a}tica Guaran\'{\i}",
        PUBLISHER = {},
        ADDRESS = {},
        YEAR="1993"
                }

@BOOK{Baker1988,
        AUTHOR = {Baker, Mark},
        TITLE  = "Incorporation",
        PUBLISHER = {Chicago,London:The University of Chicago Press},
        YEAR="1988"
                }

@InCollection{Bally1926,
        author = {Bally, Charles},
        TITLE = { {L'Expression} des {Id\'{e}es} de {Sph\`{e}re} personnelle et de
        {Solidarit\'{e}} dans les {Langues} {Indo-Europ\'{e}ennes}},
        booktitle = {Festschrift Louis Gauchat},
        publisher = {Aarau:Sauerländer},
        year = {1926},
        editor = {F. Fankhauser and F. Jud},
}

@InCollection{Dietrich2001,
        author = {Dietrich, Wolf},
        TITLE = { Categorias lexicais nas l\'{\i}nguas tupi-guarani},
        editor={Queixal\'{o}s,S.},
        booktitle = {Des noms et des verbes en  tupi-guarani},
        series = {LINCOM Studies in Native American Linguistiscs},
        publisher = {Lincom},
        address = {München},
        year = {2001},
}

@InCollection{Evans1997,
        author = {Evans, Nick},
        TITLE = { {Role} or {Cast}},
        editor={Alex Alsina and  Joan Bresnan and  Peter Sells},
        booktitle = {Complex Predicates},
        publisher = {CSLI},
        address = {Stanford},
        year = {1997}
}

@BOOK{Gregores1967,
        AUTHOR = {E. Gregores and J. Ju\'{a}rez},
        TITLE  = {A Decription of Colloquial Guarani},
        PUBLISHER = {Mouton und Co.},
        ADDRESS = {Den Haag, Paris} ,
        YEAR={1967}
}

@BOOK{Guasch2001,
        AUTHOR = {P.A. Guasch and P.D. Ortiz},
        TITLE  = "Diccionario Guaran\'{\i}-Castellano Castellano-Guaran\'{\i}",
        PUBLISHER = {Asunci\'{o}nCEPAG},
        YEAR="2001"
                }

@Article{HoTho1984,
        author = {P.J. Hopper and S.A. Thompson},
        title = {The Discourse Basis for Lexical Categories and Universal Grammar},
        journal = {Language},
        year = {1984},
        volume = {60},
        pages = {703-752},
        publisher={Waverley},
        address={Baltimore}
}

@Article{Mithun1984,
author = {Mithun, Marianne},
title = { {The Evolution of Noun Incorporation}},
journal = {Language},
year = {1984},
volume = {60},
pages = {847-894},
publisher={Waverley},
address = {Baltimore}
}


@InCollection{Payne1994,
        author = {Payne, Doris},
        title = {The Tupi-Guarani Inverse},
        booktitle = {Voice, Form and Function},
        pages = {},
        publisher = {Benjamins},
        address = {Amsterdam, Philadelphia},
        year = {1994},
        editor = {B. Fox and J. Hopper},
}

@InCollection{mvc1995,
author = {Velazquez-Castillo, Maura},
title = { {Noun Incorporation and Object Placement in Discourse}},
booktitle = {Word Order in Discourse (=Typological Studies in Language 30)},
pages = {},
publisher = {Benjamins},
address = {Amsterdam},
year = {1994},
editor = {P. Downing and M. Noonan},
}


@BOOK{mvc1996,
        AUTHOR = {Velazquez-Castillo, Maura},
        TITLE  = "The Grammar of Possession - Inalienability, Incorporation  and Possessor Ascension in Guaran\'{\i}",
        PUBLISHER = {John Benjamins},
        address = {Amsterdam},
        YEAR="1996"
}