% This file was created with JabRef 2.3.1.
% Encoding: Cp1252

@INCOLLECTION{Grace1990,
  author = {G. Grace},
  title = {The ``aberrant'' (vs. ``exemplary'') Melanesian languages},
  crossref = {Baldi1990},
  pages = {155-173},
  owner = {snordhoff},
  timestamp = {2005.10.21}
}

@INCOLLECTION{Labov1972mechanisms,
  author = {William Labov},
  title = {On the mechanisms of linguistic change},
  crossref = {GumperzEtAl1972},
  pages = {512-538},
  owner = {snordhoff},
  timestamp = {2005.10.24}
}

@INCOLLECTION{WeinreichEtAl1968,
  author = {Uriel Weinreich and William Labov and M. I. Herzog},
  title = {Empirical foundations for a theory of language change},
  crossref = {LehmannEtAl1968},
  pages = {95-188},
  owner = {snordhoff}
}

@BOOK{Baldi1990,
  author = {Philip Baldi},
  year = {1990},
  title = {Linguistic change and reconstruction methodology},
  address = {Berlin},
  publisher = {Mouton de Gruyter},
  owner = {snordhoff},
  timestamp = {2005.10.21}
}

@BOOK{Croft2000elc,
  author = {William Croft},
  year = {2000},
  title = {Explaining language change : an evolutionary approach},
  address = {Harlow},
  publisher = {Longman},
  owner = {snordhoff},
  timestamp = {2005.10.20}
}

@BOOK{Dixon1997,
  author = {Robert M. W. Dixon},
  year = {1997},
  title = {The rise and fall of languages},
  address = {Cambridge},
  publisher = {CUP},
  owner = {snordhoff}
}

@BOOK{Keller1990,
  author = {Rudi Keller},
  year = {1990},
  title = {Sprachwandel. Von der unsichtbaren Hand in der Sprache},
  address = {T\"ubingen},
  owner = {snordhoff},
  timestamp = {2007.04.24}
}

@BOOK{Kirby1999,
  author = {Simon Kirby},
  year = {1999},
  title = {Function, selection, and innateness : the emergence of language universals},
  address = {Oxford},
  publisher = {OUP},
  owner = {snordhoff}
}

@BOOK{Labov1972innercity,
  author = {William Labov},
  year = {1972},
  title = {Language in the inner city: Studies in the Black English Vernacular},
  address = {Philadelphia},
  publisher = {University of Pennsylvania Press},
  owner = {snordhoff},
  timestamp = {2006.09.11}
}

@ARTICLE{Labov1963,
  author = {William Labov},
  year = {1963},
  title = {The social motivation of sound change},
  journal = {Word},
  volume = {19},
  pages = {273--309},
  owner = {snordhoff},
  timestamp = {2006.09.11}
}

@BOOK{McMahon1994,
  author = {April McMahon},
  year = {1994},
  title = {Understanding language change},
  address = {Cambridge},
  publisher = {CUP},
  owner = {snordhoff},
  timestamp = {2006.05.03}
}

@BOOK{Milroy1992,
  author = {James Milroy},
  year = {1992},
  title = {Linguistic Variation and Change},
  address = {Oxford},
  publisher = {Basil Blackwell},
  owner = {snordhoff}
}

@BOOK{Muehlhaeusler1996,
  author = {Peter Mühlhäusler},
  year = {1996},
  title = {Linguistics ecology : language change and linguistic imperialism
	in the Pacific region},
  address = {London},
  publisher = {Routledge},
  owner = {snordhoff},
  timestamp = {2005.10.20}
}

@BOOK{OBarrEtAl1976,
  author = {William M. O'Barr and Jean O'Barr},
  year = {1976},
  title = {Political Science, Language and Politics},
  address = {Paris},
  publisher = {Mouton},
  note = {ATW XIII O'Barr},
  adress = {The Hague},
  owner = {ifa}
}

@BOOK{Weinreich1953,
  author = {Uriel Weinreich},
  year = {1953},
  title = {Languages in Contact},
  address = {London},
  publisher = {Mouton},
  adress = {The Hague},
  owner = {ifa}
}

@BOOK{GumperzEtAl1972,
  year = {1972},
  title = {Directions in Sociolinguistics},
  editor = {John J. Gumperz and Dell Hymes},
  address = {Oxford},
  publisher = {Basil Blackwell},
  owner = {snordhoff},
  timestamp = {2005.10.24}
}

@BOOK{LehmannEtAl1968,
  year = {1968},
  title = {Directions for historical linguistics},
  editor = {W. Lehmann and Y. Malkiel},
  address = {Austin},
  publisher = {University of Texas Press},
  adress = {Austin},
  owner = {snordhoff}
}

