% This file was created with JabRef 2.3.1.
% Encoding: Cp1252

@INCOLLECTION{Csato2002,
  author = {\'Eva \'Agnes Csat\'o},
  title = {Karaim: a high-copying language},
  crossref = {JonesEtAl2002},
  pages = {315-328},
  owner = {snordhoff},
  timestamp = {2005.11.03}
}

@INCOLLECTION{Johanson2002,
  author = {Lars Johanson},
  title = {Contact-induced change in a code-copying framework},
  crossref = {JonesEtAl2002},
  pages = {285-314},
  owner = {snordhoff},
  timestamp = {2005.11.03}
}

@INCOLLECTION{Muysken1997ml,
  author = {Pieter Muysken},
  title = {Media Lengua},
  crossref = {Thomason1997ed},
  pages = {365--426},
  owner = {snordhoff},
  timestamp = {2007.10.08}
}

@INCOLLECTION{Nicolai2005,
  author = {Robert Nicolai},
  title = {Language processes, theory and description of language change, and
	building on the past: lessons from Songhay},
  crossref = {FrajzyngierEtAl2005ed},
  pages = {81-104},
  owner = {snordhoff},
  timestamp = {2006.05.03}
}

@INCOLLECTION{Ross1996,
  author = {Malcolm Ross},
  title = {Contact-induced change and the comparative method: cases from Papua
	New Guinea},
  crossref = {DurieEtAl1996},
  pages = {180-217},
  owner = {snordhoff}
}

@INCOLLECTION{Thomason2000,
  author = {Sarah Grey Thomason},
  title = {Contact-induced langugae change and Pidgin/Creole genesis},
  crossref = {SmithEtAl2000},
  year = {2000},
  pages = {249-262},
  owner = {snordhoff},
  timestamp = {2005.10.06}
}

@INCOLLECTION{Thomason1997intro,
  author = {Sarah Grey Thomason},
  title = {Introduction.},
  crossref = {Thomason1997ed},
  year = {1997},
  pages = {1--7},
  owner = {snordhoff},
  timestamp = {2007.10.08}
}

@BOOK{Bratt1994,
  author = {Christina {Bratt Paulston}},
  year = {1994},
  title = {Linguistic Minorities in Multilingual Settings},
  address = {Amsterdam and Philadelphia},
  publisher = {John Benjamins},
  owner = {snordhoff},
  timestamp = {2005.10.24}
}

@ARTICLE{Coulmas,
  author = {Florian Coulmas},
  title = {Perspectives on Language Contact and Language Policy},
  journal = {International Journal on the Sociology of Language},
  volume = {86},
  pages = {1990},
  owner = {ifa}
}

@BOOK{Edwards1994,
  author = {John Edwards},
  year = {1994},
  title = {Multilingualism},
  address = {London and New York},
  publisher = {Routledge},
  owner = {snordhoff},
  timestamp = {2005.10.24}
}

@BOOK{Edwards2004,
  author = {Viv Edwards},
  year = {2004},
  title = {Multilinigualism in the English Speaking World},
  address = {Malden, Oxford and Victoria},
  publisher = {Blackwell},
  owner = {snordhoff}
}

@ARTICLE{Gardner2000,
  author = {Penelope Gardner-Chloros},
  year = {2000},
  title = {The tortoise and the hare: Distinguishing processes and end-products
	in language contact},
  journal = {Bilingualism: Language and Cognition},
  volume = {3},
  number = {2},
  pages = {112-114},
  owner = {ifa}
}

@ARTICLE{GardnerEtAl1991,
  author = {Penelope Gardner-Chloros and Reeva Charles and Jemmy Cheshire},
  year = {1991},
  title = {Parallel patterns? A comparison of monolingual speech and bilingual
	code-switching discourse},
  journal = {Journal of Pragmatics},
  volume = {32},
  pages = {1305-1341},
  owner = {ifa}
}

@BOOK{Haarmann1980a,
  author = {Harald Haarmann},
  year = {1980},
  title = {Multilingualismus},
  address = {Tübingen},
  publisher = {Gunter Narr},
  volume = {1},
  owner = {snordhoff}
}

@BOOK{Haarmann1980b,
  author = {Haarmann, Harald},
  year = {1980},
  title = {Multilingualismus},
  address = {Tübingen},
  publisher = {Gunter Narr},
  volume = {2},
  owner = {snordhoff}
}

@BOOK{Haase1992,
  author = {Martin Haase},
  year = {1992},
  title = {Sprachkontakt und Sprachwandel im Baskenland: Einflüsse des
	
	Gaskognischen und Franzosischen auf das Baskische.},
  address = {Hamburg},
  publisher = {Buske},
  owner = {snordhoff},
  timestamp = {2008.01.08}
}

@ARTICLE{Jake1994,
  author = {Jake, Janice},
  year = {1994},
  title = {Intrasentential code switching and pronouns: On the categorial status
	of functional elements},
  journal = {Linguistics},
  volume = {32},
  pages = {271-298},
  owner = {ifa}
}

@ARTICLE{Jakobson1931,
  author = {Roman Jakobsob},
  year = {1931},
  title = {\"Uber die phonologischen Sprachb\"unde},
  journal = {Travaux du Cercle Linguistique de Prague},
  volume = {4},
  pages = {234-240},
  owner = {ifa}
}

@INCOLLECTION{Muysken1981,
  author = {P C Muysken},
  title = {Halfway between Quechua and Spanish: the case for relexification},
  year = {1981},
  booktitle = {Historicity and variation in creole studies},
  editor = {Arnold Highfield and Albert Valdman},
  address = {Ann Arbor},
  publisher = {Karoma},
  pages = {52--78},
  owner = {snordhoff},
  timestamp = {2009.03.23}
}

@BOOK{MyersScotton2002,
  author = {Carol Myers-Scotton},
  year = {2002},
  title = {Language Contact},
  address = {Oxford},
  publisher = {OUP},
  owner = {ifa}
}

@ARTICLE{MyersScotton2000,
  author = {Carol Myers-Scotton},
  year = {2000},
  title = {Explaining the role of norms and rationality in codeswitching},
  journal = {Journal of Pragmatics},
  volume = {32},
  pages = {1259-71},
  owner = {ifa}
}

@ARTICLE{MyersScotton1993,
  author = {Carol Myers-Scotton},
  year = {1993},
  title = {Common and uncommon ground: Social and structural methods in codeswitching},
  journal = {Language in Society},
  volume = {22},
  pages = {475-504},
  owner = {ifa}
}

@ARTICLE{Nadkarni1975,
  author = {Mangesh V. Nadkarni},
  year = {1975},
  title = {Bilingualism and syntactic change in Konkani.},
  journal = {Language},
  volume = {51},
  pages = {672--83},
  owner = {snordhoff},
  timestamp = {2008.01.08}
}

@ARTICLE{Pfaff1979,
  author = {Carol W. Pfaff},
  year = {1979},
  title = {Constraints on language mixing: intrasentential code switching and
	borrowing in Spanish/English},
  journal = {Language},
  volume = {55},
  pages = {291-318},
  owner = {ifa}
}

@ARTICLE{Poplack1980,
  author = {Shana Poplack},
  year = {1980},
  title = {Sometimes I'll start a sentence in English y termino en espa\~nol:
	Towards a typology of code-switching},
  journal = {Linguistics},
  volume = {18},
  pages = {581-618},
  owner = {ifa}
}

@BOOK{Romaine1995,
  author = {Suzanne Romaine},
  year = {1995},
  title = {Bilingualism},
  address = {Oxford},
  publisher = {Basil Blackwell},
  edition = {2},
  owner = {ifa}
}

@ARTICLE{Ross2007,
  author = {Malcolm Ross},
  year = {2007},
  title = {Calquing and metatypy},
  journal = {Journal of Language Contact},
  volume = {1},
  pages = {117--143},
  owner = {snordhoff},
  timestamp = {2008.01.08}
}

@INCOLLECTION{Ross2001,
  author = {Malcolm D. Ross},
  title = {Contact-induced change in Oceanic languages in North-West Melanesia},
  year = {2001},
  booktitle = {Areal diffusion and genetic inheritance},
  editor = {Alexandra Y. Aikhenvald and R. M. W. Dixon},
  address = {Oxford},
  publisher = {Oxford University Press},
  pages = {134--166},
  owner = {snordhoff},
  timestamp = {2009.03.23}
}

@INCOLLECTION{Ross1997,
  author = {Malcolm D. Ross},
  title = {Social networks and kinds of speech-community event},
  year = {1997},
  booktitle = {Archaeology and language 1: Theoretical and methodological orientations},
  editor = {R. Blench and Matthew Spriggs},
  address = {London},
  publisher = {Routledge},
  pages = {209--261},
  owner = {snordhoff},
  timestamp = {2009.01.21}
}

@BOOK{Salas1998,
  author = {Marius Salas},
  year = {1998},
  title = {Lenguas en contacto},
  address = {Madrid},
  publisher = {Editorial Gredos},
  adress = {Madrid},
  owner = {ifa}
}

@ARTICLE{SankoffEtAl1981,
  author = {David Sankoff and Shana Poplack},
  year = {1981},
  title = {A formal grammar for code-switching},
  journal = {Papers in Linguistics},
  volume = {14},
  pages = {3-46},
  owner = {ifa}
}

@ARTICLE{Sasse1990AP,
  author = {Hans-J\"urgen Sasse},
  year = {1990},
  title = {Language decay and contact-induced change: similarities and
	
	differences},
  journal = {Arbeitspapier (Institut für Sprachwissenschaft, Universität zu Köln,
	Neue Folge)},
  volume = {12},
  pages = {30-56},
  owner = {snordhoff},
  timestamp = {2008.01.08}
}

@ARTICLE{Sasse1985graez,
  author = {Hans-J\"urgen Sasse},
  year = {1985},
  title = {Sprachkontakt und Sprachwandel: die Gr\"azisierung der albanischen
	
	Mundarten Griechenlands.},
  journal = {Papiere zur Linguistik},
  volume = {32},
  pages = {37--95},
  owner = {snordhoff},
  timestamp = {2008.01.08}
}

@BOOK{Schiffman1996,
  author = {Harold F. Schiffman},
  year = {1996},
  title = {Linguistic Culture and Language Policy},
  address = {London},
  publisher = {Routledge},
  adress = {London},
  owner = {ifa}
}

@BOOK{Sebba1997,
  author = {Mark Sebba},
  year = {1997},
  title = {Language Contact},
  address = {Houndmills and London},
  publisher = {Macmillan},
  owner = {snordhoff}
}

@BOOK{SilvaCorvalan1994,
  author = {Carmen Silva-Corvalán},
  year = {1994},
  title = {Language Contact and Change},
  address = {Oxford},
  publisher = {Clarendon Press},
  adress = {Oxford},
  owner = {ifa}
}

@INCOLLECTION{Thomason1995lgmix,
  author = {Sarah Grey Thomason},
  title = {Language mixture: Ordinary processes, extraordinary results.},
  year = {1995},
  booktitle = {Spanish in Four Continents. Studies in Language Contact and Bilingualism.},
  editor = {Carmen Silva-Corval\'an},
  address = {Washington D.C},
  publisher = {Georgetown University Press},
  pages = {15--33},
  owner = {snordhoff},
  timestamp = {2007.10.08}
}

@INCOLLECTION{Thomason1997typology,
  author = {Sarah Grey Thomason},
  title = {A typology of contact languages},
  year = {1997},
  booktitle = {The Structure and Status of Pidgins and Creoles},
  editor = {Arthur A. Spears and Donald Winford},
  address = {Amsterdam},
  publisher = {John Benjamins},
  pages = {71--88},
  owner = {snordhoff},
  timestamp = {2007.10.08}
}

@BOOK{Thomason2001,
  author = {Sarah Grey Thomason},
  year = {2001},
  title = {Language Contact. An Introduction},
  publisher = {Edinburgh Univeristy Press},
  owner = {ifa}
}

@ARTICLE{Thomason1999,
  author = {Sarah Grey Thomason},
  year = {1999},
  title = {Speakers' choices in language change},
  journal = {Studies in the Linguistic Sciences},
  volume = {29},
  pages = {19-43},
  owner = {ifa}
}

@BOOK{ThomasonEtAl1988,
  author = {Sarah Grey Thomason and Terrence Kaufman},
  year = {1988},
  title = {Language Contact, Creolization and Genetic Linguistics},
  address = {Berkeley},
  publisher = {Univeristy of California Press},
  owner = {ifa}
}

@BOOK{VanCoetsem2000,
  author = {Frans {Van Coetsem}},
  year = {2000},
  title = {A general and unified theory of the transmission process in language
	contact},
  address = {Heidelberg},
  publisher = {Winter},
  owner = {snordhoff},
  timestamp = {2007.08.08}
}

@ARTICLE{Whiteley1960,
  author = {Wilfred Howell Whiteley},
  year = {1960},
  title = {Linguistic hybrids},
  journal = {African studies},
  volume = {19},
  number = {2},
  pages = {95-97},
  owner = {ifa}
}

@BOOK{Winford2003,
  author = {Donald Winford},
  year = {2003},
  title = {An introduction to contact linguistics},
  address = {Oxford},
  publisher = {Basil Blackwell},
  owner = {snordhoff}
}

@BOOK{AertsenEtAl1993,
  year = {1993},
  title = {Historical Linguistics 1989. Papers from the Ninth International
	Conference on Historical Lingusitics},
  editor = {H. Aertsen and Robert J. Jeffers},
  publisher = {John Benjamins},
  adress = {Amsterdam},
  owner = {ifa}
}

@BOOK{DurieEtAl1996,
  year = {1996},
  title = {The Comparative Method Reviewed: Regularity and Irregularity in Language
	Change},
  editor = {Mark Durie and Malcolm Ross},
  address = {Oxford},
  publisher = {OUP},
  owner = {ifa}
}

@BOOK{FaseEtAl1995,
  year = {1995},
  title = {The State of minority languages. international prespectives on survival
	and decline},
  editor = {Willem Fase and Koen Jaspaert and Sjaak Kroon},
  address = {Lissse},
  publisher = {Swets \& Zeitlinger},
  owner = {snordhoff},
  timestamp = {2005.10.21}
}

@BOOK{FrajzyngierEtAl2005ed,
  year = {2005},
  title = {Linguistic diversity and language theories},
  editor = {Zygmunt Frajzyngierand Adam Hodges and David S. Rood},
  address = {Amsterdam},
  publisher = {Benjamins},
  owner = {snordhoff},
  timestamp = {2006.05.03}
}

@BOOK{JonesEtAl2002,
  year = {2002},
  title = {Language Change -- The Interplay of Internal, External and Extra-Linguistic
	Factors},
  editor = {Mari C. Jones and Edith Esch},
  address = {Berlin and New York},
  publisher = {Mouton de Gruyter},
  owner = {snordhoff},
  timestamp = {2005.11.03}
}

@BOOK{Thomason1997ed,
  year = {1997},
  title = {Contact Languages: A wider perspective},
  editor = {Sarah Grey Thomason},
  address = {Amsterdam},
  publisher = {John Benjamins},
  owner = {ifa}
}

@BOOK{WurmEtAl1996,
  year = {1996},
  title = {Atlas of languages of intercultural communication in the Pacific,
	Asia and the Americas},
  editor = {Stephen A. Wurm and Peter M\"uhlh\"ausler and Darrel T. Tryon},
  address = {Berlin},
  publisher = {Mouton de Gruyter},
  adress = {Berlin},
  owner = {ifa}
}

