
@INCOLLECTION{Adelaar1991,
  author = {Adelaar, K. A.},
  title = {Some notes on the origin of Sri Lankan Malay},
  crossref = {Steinhauer1991},
  pages = {23-37},
  owner = {snordhoff}
}

@INCOLLECTION{Adelaar2005struct,
  author = {K. A. Adelaar},
  title = {Structural diversity in the Malayic subgroup},
  crossref = {AdelaarEtAl2005ed},
  year = {2005},
  pages = {202--226},
  owner = {snordhoff},
  timestamp = {2008.01.08}
}

@INCOLLECTION{AdelaarEtAl1996,
  author = {Adelaar, K. A. and Prentice, D. J.},
  title = {Malay: its history, role and spread},
  crossref = {WurmEtAl1996ed},
  pages = {673-693},
  owner = {snordhoff}
}

@INCOLLECTION{Ahamat1985,
  author = {T. J .P. Ahamat},
  title = {Malays of Sri Lanka: A Short Sketch},
  crossref = {Ahlip1985},
  owner = {snordhoff}
}

@INCOLLECTION{Ahlip1985a,
  author = {Enver C. Ahlip},
  title = {Foreword},
  crossref = {Ahlip1985},
  owner = {snordhoff}
}

@INCOLLECTION{Azeez1986,
  author = {Marina Azeez},
  title = {The Muslims of Sri Lanka},
  crossref = {ESMSL1986},
  pages = {3-16},
  owner = {snordhoff}
}

@INCOLLECTION{Bakker2000convergence,
  author = {Peter Bakker},
  title = {Convergence intertwining: an alternative way towards the genesis 	of mixed languages},
  crossref = {GilbersEtAl2000},
  pages = {29-35},
  owner = {snordhoff}
}

@INCOLLECTION{Bakker2000rapid,
  author = {Peter Bakker},
  title = {Rapid Language Change: creolization, intertwining, convergence},
  crossref = {RenfrewEtAl2000},
  pages = {586-620},
  owner = {snordhoff}
}

@INCOLLECTION{Collins1985,
  author = {J. T. Collins},
  title = {The phonology of Tioman and the reconstruction of Proto-Malay},
  crossref = {RatanakulEtAl1985},
  pages = {541-566},
  owner = {snordhoff},
  timestamp = {2006.06.08}
}

@INCOLLECTION{Ewing2005,
  author = {Michael C. Ewing},
  title = {Colloquial Indonesian},
  crossref = {AdelaarEtAl2005ed},
  year = {2005},
  pages = {227--258},
  owner = {snordhoff},
  timestamp = {2008.05.30}
}

@INCOLLECTION{Himmelmann2005taga,
  author = {Nikolaus P. Himmelmann},
  title = {Tagalog},
  crossref = {AdelaarEtAl2005Ed},
  year = {2005},
  pages = {350--376},
  owner = {snordhoff},
  timestamp = {2008.05.30}
}

@INCOLLECTION{Himmelmann2005typochar,
  author = {Nikolaus P. Himmelmann},
  title = {The Austronesian languages of Asia and Madagascar: typological characteristics},
  crossref = {AdelaarEtAl2005ed},
  year = {2005},
  pages = {110--181},
  owner = {snordhoff},
  timestamp = {2008.05.30}
}

@INCOLLECTION{Hussainmiya1990a,
  author = {B. A. Hussainmiya},
  title = {Sri Lankan Malay Language: Some Preliminary},
  crossref = {AbuBakar1990},
  owner = {snordhoff}
}

@INCOLLECTION{Lim1988,
  author = {Lisa Lim},
  title = {Baba Malay: The language of the `Straits' born},
  crossref = {Steinhauer1988},
  pages = {1-61},
  owner = {snordhoff}
}

@INCOLLECTION{Maroof1986,
  author = {M .M. M. Maroof},
  title = {The Muslims under Portuguese and Dutch Occupation},
  crossref = {ESMSL1986},
  pages = {43-60},
  owner = {snordhoff}
}

@INCOLLECTION{Maroofa1986,
  author = {M. M. M. Maroof},
  title = {Muslim Education},
  crossref = {ESMSL1986},
  pages = {166-182},
  owner = {snordhoff}
}

@INCOLLECTION{Slomanson2006cll,
  author = {Peter Slomanson},
  title = {Sri Lankan Malay morphosyntax: Lankan or Malay?},
  crossref = {DeumertEtAl2006},
  pages = {135--158},
  owner = {snordhoff},
  timestamp = {2007.04.24}
}

@INCOLLECTION{SmithEtAl2006cll,
  author = {Ian R. Smith and S. Paauw},
  title = {Sri Lanka Malay: Creole or convert},
  crossref = {DeumertEtAl2006},
  year = {2006},
  pages = {159--182},
  owner = {snordhoff}
}

@INCOLLECTION{Steinhauer2005,
  author = {Hein Steinhauer},
  title = {Colonial History and Language Policy in Insular South East Asia and
	Madagascar},
  crossref = {AdelaarEtAl2005ed},
  year = {2005},
  pages = {65--86},
  owner = {snordhoff},
  timestamp = {2009.06.11}
}

@INCOLLECTION{Uwise1986,
  author = {M. M. Uwise},
  title = {The Language and Literature of the Muslims},
  crossref = {ESMSL1986},
  owner = {snordhoff}
}

@BOOK{Vanminde1997,
  author = {Don {van Minde}},
  year = {1997},
  title = {Malayu Ambong : phonology, morphology, syntax},
  address = {Leiden},
  publisher = {Research School CNWS, School of Asian, African, and Amerindian Studies},
  owner = {snordhoff},
  timestamp = {2006.06.08}
}

@BOOK{DeHaan1935,
  author = {Frederik {de Haan}},
  year = {1935},
  title = {Oud Batavia},
  address = {Bandoeng},
  publisher = {Nix},
  owner = {snordhoff},
  timestamp = {2009.05.11}
}

@BOOK{ESMSL1986,
  author = {{[An Ethnological Survey of the Muslims of Sri Lanka]}},
  year = {1986},
  title = {An Ethnological Survey of the Muslims of Sri Lanka},
  publisher = {Sir Razik Fareed Foundation},
  adress = {Colombo},
  owner = {snordhoff}
}

@ARTICLE{Hamid1991,
  author = {A. {Abdul Hamid}},
  year = {1991},
  title = {Melayu Sri Lanka dan Bahasa Mereka [The Malays of Sri Lanka and Their
	Language]},
  journal = {Pelita Bahasa},
  volume = {3},
  number = {8},
  pages = {34-35},
  owner = {snordhoff}
}

@BOOK{Abeyasekere1987,
  author = {Susan Abeyasekere},
  year = {1987},
  title = {Jakarta -- A history},
  address = {Singapore},
  publisher = {OUP},
  owner = {snordhoff},
  timestamp = {2009.06.03}
}

@UNPUBLISHED{Adelaar1996,
  author = {K. A. Adelaar},
  title = {Endangered Malay Isolects: The Case of Salako, Cocos Malay, and Sri
	Lankan Malay. Paper presented the International Workshop on South-East
	Asian Studies No. 11 Royal Institute of Linguistics and Anthropology,
	Leiden},
  owner = {snordhoff}
}

@PHDTHESIS{Adelaar1985,
  author = {K. Alexander Adelaar},
  title = {Proto-Malayic; The reconstruction of its phonology and parts of its
	morphology
	
	and lexicon},
  school = {Leiden University.},
  year = {1985},
  owner = {snordhoff},
  timestamp = {2009.01.05}
}

@BOOK{AlievaEtAl1991,
  author = {N. F. Alieva and V. D. Arakin and A. K. Oglobin and Y. H. Srik},
  year = {1991},
  title = {Bahasa Indonesia: Descripsi dan Teori},
  address = {Yogyakarta},
  publisher = {Penerbit Kanisius},
  owner = {snordhoff},
  timestamp = {2007.03.05}
}

@INCOLLECTION{Bakker1995nl,
  author = {Peter Bakker},
  title = {Over convergentie in een sprachbund},
  year = {1995},
  booktitle = {Artikelen van de Tweede Sociolingu\"istische conferentie},
  editor = {Erica Huls and Jetske Klatter-Folmer},
  address = {Delft},
  publisher = {Eburon},
  pages = {37--51},
  owner = {snordhoff},
  timestamp = {2009.01.21}
}

@INCOLLECTION{Bakker2006,
  author = {Peter Bakker},
  title = {The Sri Lanka \em Sprachbund\em: The newcomers Portuguese and Malay},
  year = {2006},
  booktitle = {Linguistic Areas -- Convergence in Historical and Typological Perspective},
  editor = {Yaron Matras and April McMahon and Nigel Vincent},
  address = {Houndmills, New York},
  publisher = {Palgrave Macmillan},
  pages = {135--159},
  owner = {snordhoff},
  timestamp = {2006.08.08}
}

@ARTICLE{Bakker1996stuf,
  author = {Peter Bakker},
  year = {1996},
  title = {Language intertwining and convergence: typological aspects of the
	genesis of mixed languages},
  journal = {STUF},
  volume = {49},
  number = {1},
  pages = {9--20},
  owner = {snordhoff},
  timestamp = {2009.01.21}
}

@MASTERSTHESIS{Bichsel,
  author = {Bichsel-Stettler},
  title = {Aspects of the Sri Lanka Malay Community and Its Language},
  school = {Universit\"at Bern},
  year = {1989},
  owner = {snordhoff}
}

@BOOK{ArfinBurah,
  author = {Tuan Arfin Burah},
  year = {2006},
  title = {Saga of The Exiled Royal Javanese Unearthed},
  address = {Dehiwala},
  publisher = {Sri Devi},
  owner = {snordhoff},
  timestamp = {2009.03.17}
}

@ARTICLE{Chung2005kena,
  author = {Siaw-Fong Chung},
  year = {2005},
  title = {Kena as a third type of Malay passive},
  journal = {Oceanic Linguistics},
  volume = {44},
  number = {1},
  pages = {194--214},
  owner = {snordhoff},
  timestamp = {2009.01.14}
}

@ARTICLE{Clynes1997,
  author = {Adrian Clynes},
  year = {1997},
  title = {On the Proto-Austronesian diphthongs},
  journal = {Oceanic Linguistics},
  volume = {36},
  number = {2},
  pages = {347--361},
  owner = {snordhoff},
  timestamp = {2009.01.05}
}

@INCOLLECTION{Collins1992Berau,
  author = {James T. Collins},
  title = {Preliminary notes on Berau Malay},
  year = {1992},
  booktitle = {Shifting patterns of language use in Borneo},
  editor = {Peter W. Martin},
  address = {Williamsburg, Va},
  publisher = {Department of Anthropology, College of William and Mary in Virginia},
  pages = {297--333}
}

@BOOK{Cumming1991,
  author = {Susanna Cumming},
  year = {1991},
  title = {Functional Change -- The Case of Malay Constituent Order},
  address = {Berlin and New York},
  publisher = {Mouton de Gruyter},
  owner = {snordhoff},
  timestamp = {2008.06.19}
}

@BOOK{Dahl1981,
  author = {O C Dahl},
  year = {1981},
  title = {Early phonetic and phonemic changes in Austronesian},
  address = {Oslo},
  publisher = {The Institute for Comparative Research in Human Culture},
  owner = {snordhoff}
}

@INCOLLECTION{DeCasparis1961,
  author = {J. G. {De Casparis}},
  title = {New Evidence on Cultural Relations between Java and Ceylon in Ancient
	Times},
  year = {1961},
  booktitle = {Artibus Asiae},
  editor = {Alexander Coburn Soper},
  address = {Ascona},
  publisher = {Artibus Asiae Publishers},
  pages = {241-248},
  owner = {snordhoff}
}

@ARTICLE{Jayasuriya2003,
  author = {Shihan {De Silva Jayasuriya}},
  year = {2003},
  title = {Malay Contacts with Sri Lanka},
  journal = {IIAS Newsletter},
  volume = {31},
  owner = {snordhoff}
}

@ARTICLE{Jayasuriya2002,
  author = {Shihan {De Silva Jayasuriya}},
  year = {2002},
  title = {A Unique Malay: Sri Lankan Malay Creole},
  journal = {NUSA},
  volume = {50},
  pages = {43--57},
  adress = {Jakarta},
  owner = {snordhoff},
  publisher = {NUSA}
}

@ARTICLE{Jayasuriya1999,
  author = {Shihan {De Silva Jayasuriya}},
  year = {1999},
  title = {Portuguese in Sri Lanka - influence of substratum languages},
  journal = {Journal of the Royal Asiatic Society, Series 3},
  volume = {9},
  number = {2},
  owner = {snordhoff}
}

@ARTICLE{Dupont1959,
  author = {P Dupont},
  year = {1959},
  title = {Les Buddha dits d'Amar\^avat\"\i{} en Asie du Sud-Est},
  journal = {Bulletin de l'\'Ecole Fran\c caise d'Extr\^eme-Orient},
  volume = {XLIX},
  number = {2},
  pages = {631--636},
  owner = {snordhoff},
  timestamp = {2009.03.23}
}

@UNPUBLISHED{Englebretson2003,
  author = {Robert Englebretson},
  title = {Verb Serialization in Colloquial Indonesian Conversation: a Corpus-Based
	Study},
  year = {2003},
  note = {Paper presented at ISMIL 7, Nijmegen, The Netherlands, June 2003},
  owner = {snordhoff},
  timestamp = {2009.01.07}
}

@ARTICLE{Gil1994,
  author = {David Gil},
  year = {1994},
  title = {The Structure of Riau Indonesian},
  journal = {Nordic Journal of Linguistics},
  volume = {17},
  pages = {179--200},
  owner = {snordhoff},
  timestamp = {2008.05.30}
}

@PHDTHESIS{Grijns1991,
  author = {Cornelis Dirk Grijns},
  title = {Jakarta Malay},
  school = {Universiteit Leiden},
  year = {1991},
  owner = {snordhoff},
  timestamp = {2006.02.06}
}

@BOOK{Halim1974,
  author = {A. Halim},
  year = {1974},
  title = {Intonation in relation to syntax in Bahasa Indonesia},
  address = {Jakarta},
  publisher = {Djambatan},
  owner = {snordhoff},
  timestamp = {2007.03.05}
}

@ARTICLE{Harun1986,
  author = {{Harun Mat Piah}},
  year = {1986},
  title = {Tradisi Kesusasteraan Melayu Sri Lanka Dalam Konteks Kesusasteraan
	Melayu Tradisional Nusantara: Satu Tinjauan Ringkas [The Malay literary
	tradition of Sri Lanka in the context of Traditional Literature in
	the Malay World]},
  journal = {Sari},
  volume = {4},
  number = {2},
  pages = {63-82},
  owner = {snordhoff}
}

@BOOK{Hassan1974,
  author = {Abdullah Hassan},
  year = {1974},
  title = {The morphology of Malay},
  address = {Dewan Bahasa Dan Pustaka},
  publisher = {Kuala Lumpur},
  owner = {snordhoff},
  timestamp = {2008.06.19}
}

@MISC{Hussainmiya2001,
  author = {B. A. Hussainmiya},
  title = {Malays in Sri Lanka. Borneo Bulletin},
  month = {08},
  year = {2001},
  note = {Retrieved 11.07.2005},
  owner = {snordhoff},
  url = {http://www.rootsweb.com/~lkawgw/malays1.htm}
}

@ARTICLE{Hussainmiya1991,
  author = {B. A. Hussainmiya},
  year = {1991},
  title = {Baba Ounus Saldin: An Account of a Malay Literary Savant of Sri Lanka
	1832-1906},
  journal = {Journal of the Malaysian Branch of the Royal Asiatic Society},
  volume = {54},
  number = {2},
  owner = {snordhoff}
}

@BOOK{Hussainmiya1990,
  author = {B. A. Hussainmiya},
  year = {1990},
  title = {Orang Rejimen: The Malays of the Ceylon Rifle Regiment},
  publisher = {Universiti Kebangsaan},
  adress = {Kuala Lumpur},
  owner = {snordhoff}
}

@BOOK{Hussainmiya1987,
  author = {B. A. Hussainmiya},
  year = {1987},
  title = {Lost Cousins: The Malays of Sri Lanka},
  address = {Kebangsaan},
  publisher = {Universiti Kebangsaan},
  volume = {2},
  series = {Occasional Paper},
  adress = {Universiti Kebangsaan},
  owner = {ifa}
}

@ARTICLE{Hussainmiya1986,
  author = {B. A. Hussainmiya},
  year = {1986},
  title = {`Melayu Bahasa': some preliminar observations on the Malay creole
	of Sri Lanka},
  journal = {Sari},
  volume = {4},
  pages = {19-30},
  owner = {snordhoff}
}

@ARTICLE{Hussainmiya1978demise,
  author = {Bachamiya Abdul Hussainmiya},
  year = {1978},
  title = {The Demise of an Immigrant Language},
  journal = {Tenggara},
  volume = {16},
  pages = {21-27},
  owner = {snordhoff}
}

@ARTICLE{Hussainmiya1978manuscripts,
  author = {B. A. Hussainmiya},
  year = {1978},
  title = {Malay Manuscripts in Sri Lanka},
  journal = {Indonesia Circle},
  volume = {17},
  owner = {snordhoff}
}

@ARTICLE{Hussainmiya1976a,
  author = {Bachamiya Abdul Hussainmiya},
  year = {1976},
  title = {Exile no longer},
  journal = {Hemisphere},
  volume = {20},
  number = {1},
  owner = {snordhoff}
}

@INCOLLECTION{Jayah1970,
  author = {M. Jayah},
  title = {The Plight of Sri Lankan Malays Today},
  year = {1970},
  booktitle = {MICH Silver Jubilee Souvenir 1944-1969},
  address = {Colombo},
  publisher = {Moors' Islamic Cultural Home},
  owner = {snordhoff}
}

@INCOLLECTION{Jaymon1970,
  author = {R. M. H. Jaymon},
  title = {The Malays of Ceylon},
  year = {1970},
  booktitle = {The Crescent of Muharram},
  address = {Colombo},
  publisher = {All Ceylon Malay League},
  owner = {snordhoff}
}

@ARTICLE{Kekulawala1982,
  author = {S. L. Kekulawala},
  year = {1982},
  title = {Kinship terminology in Sri Lankan Malay: A contribution to the study
	of language universals},
  journal = {Kelaniya Journal of Humanities and Social Sciences of the University
	of Kelaniya},
  volume = {1},
  number = {2},
  pages = {207-224},
  owner = {snordhoff}
}

@BOOK{Lewis1969,
  author = {{M. Blanche} Lewis},
  year = {1969},
  title = {Sentence Analysis in Modern Malay},
  address = {Cambrdige},
  publisher = {CUP},
  owner = {snordhoff},
  timestamp = {2008.06.19}
}

@ARTICLE{MithunEtAlSelayarese,
  author = {Marianne Mithun and Hasan Basri},
  year = {1986},
  title = {The Phonology of Selayarese},
  journal = {Oceanic Linguistics},
  volume = {25},
  number = {1/2},
  pages = {210--254},
  owner = {snordhoff},
  timestamp = {2007.06.12}
}

@INCOLLECTION{Ode1994,
  author = {Cecilia Od\'e},
  title = {On the perception of prominence in Indonesian},
  year = {1994},
  booktitle = {Experimental Studies of Indonesian Prosody},
  editor = {C. Od\'e and V.J. van Heuven},
  address = {Leiden},
  publisher = {Vakgroep Talen en Culturen van Zuidoost-Azi\"e en Oceani\"e, Leiden
	University},
  pages = {27--107},
  owner = {snordhoff},
  timestamp = {2007.04.24}
}

@BOOK{Omar1975,
  author = {Asmah hj. Omar},
  year = {1975},
  title = {Essays on Malaysian Linguistics},
  address = {Kemeterian Pelajaran},
  publisher = {Dewan Bahasa Dan Pustaka},
  owner = {ifa}
}

@INCOLLECTION{OsmanEtAl2008,
  author = {M. S. Osman and M. A. Sourjah},
  title = {The Malays -- an overview of a unique history \& culture},
  year = {2008},
  booktitle = {Cultural minorities -- their growth, achievements \& relevance today},
  editor = {E Vijalakshmi},
  address = {Colombo},
  publisher = {International Centre for Ethnic Studies},
  pages = {48--61},
  edition = {2},
  owner = {snordhoff},
  timestamp = {2009.05.29}
}

@BOOK{OthmanEtAl1995,
  author = {Zarah Othman and Sutanto Atmosumarto},
  year = {1995},
  title = {Colloquial Malay},
  address = {London, New York},
  publisher = {Routledge},
  owner = {ifa}
}

@PHDTHESIS{Paauw2008phd,
  author = {Scott H. Paauw},
  title = {The Malay contact varieties of Eastern Indonesia},
  school = {State University of New York at Buffalo},
  year = {2008},
  owner = {snordhoff},
  timestamp = {2009.05.27}
}

@MASTERSTHESIS{Paauw2004,
  author = {Scott H. Paauw},
  title = {A Historical Analysis of the Lexical Sources of Sri Lanka Malay},
  school = {York University},
  year = {2004},
  owner = {snordhoff}
}

@UNPUBLISHED{Paauw2003,
  author = {Scoot H. Paauw},
  title = {What is Bazaar Malay?},
  year = {2003},
  note = {Paper presented at the Seventh International Symposium on Malay/Indonesian
	Linguistics, Nijmegen},
  owner = {snordhoff}
}

@BOOK{Poedjoesoedarmo1982,
  author = {S. Poedjoesoedarmo},
  year = {1982},
  title = {Javanese Influence on Indonesian},
  address = {Canberra},
  publisher = {The Australian National University},
  series = {Pacific Linguistics Series D-38},
  owner = {snordhoff},
  timestamp = {2007.03.05}
}

@BOOK{Powell1973,
  author = {Geoffrey Powell},
  year = {1973},
  title = {The Kandyan Wars - The British Army in Ceylon 1803-1818},
  address = {London},
  publisher = {Leo Cooper},
  adress = {London},
  owner = {snordhoff}
}

@INCOLLECTION{Prentice1990,
  author = {D. J. Prentice},
  title = {Malay (Indonesian and Malaysian)},
  year = {1990},
  booktitle = {The World's Major languages},
  editor = {Bernard Comrie},
  address = {London},
  publisher = {Routledge},
  pages = {913--935},
  owner = {snordhoff},
  timestamp = {2008.05.30}
}

@INCOLLECTION{Raben2000,
  author = {Remco Raben},
  title = {Round about Batavia -- Ethnicity and authority in the Ommelanden
	1650--1800},
  year = {2000},
  booktitle = {Jakarta-Batavia : socio-cultural essays},
  editor = {Kees Grijns},
  address = {Leiden},
  publisher = {KITLV Press},
  pages = {93--109},
  owner = {snordhoff},
  timestamp = {2009.05.29}
}

@BOOK{Ras1982,
  author = {J.J. Ras},
  year = {1982},
  title = {Inleiding to het modern Javaans},
  address = {Den Haag},
  publisher = {M. Nijhoff},
  owner = {snordhoff},
  timestamp = {2007.03.05}
}

@BOOK{Rickleffs1974,
  author = {M. C. Rickleffs},
  year = {1974},
  title = {Jogjakarta under Sultan Mangkubumi, 1749 -- 1792, A History of the
	Division of Java},
  address = {London},
  owner = {snordhoff}
}

@UNPUBLISHED{Robuchon2003,
  author = {G. Robuchon},
  title = {Malayo Language in Sri Lanka.},
  year = {2003},
  note = {Paper presented at the 7th International Symposium on the Malay/Indonesian
	Linguistics in Berg en Dal},
  owner = {snordhoff}
}

@BOOK{Ruzui1968,
  author = {Septy Ruzui},
  year = {1968},
  title = {A survey of relations between Indonesian, Malay and some Phillippine
	languages},
  address = {Kuala Lumpur},
  publisher = {Dewan Bahasa Dan Pustaka},
  owner = {snordhoff},
  timestamp = {2008.06.19}
}

@PHDTHESIS{Safiah1975,
  author = {Karim Nik Safiah},
  title = {The Major Syntactic Structures of Bahasa Malaysia and Their Implications
	on the Standardization of Language},
  school = {Ohio University},
  year = {1975},
  owner = {snordhoff},
  timestamp = {2006.02.06}
}

@ARTICLE{Said1926,
  author = {H M Said},
  year = {1926},
  title = {Ceylon Malays},
  journal = {Journal of the Royal Asiatic Society (Malayan Branch)},
  volume = {4},
  number = {2},
  pages = {266-268},
  owner = {snordhoff},
  timestamp = {2009.03.17}
}

@BOOK{Saldin2007dico,
  author = {BDK Saldin},
  year = {2007},
  title = {A concise Sri Lankan Malay Dictionary -- Kamus ringkas bahasa melayu
	Sri Lanka},
  address = {Kurunegala},
  publisher = {Nihon},
  owner = {snordhoff},
  timestamp = {2009.02.05}
}

@BOOK{Saldin2003,
  author = {BDK Saldin},
  year = {2003},
  title = {Portrait of a Sri Lankan Malay},
  address = {Kurunegala},
  publisher = {Nihon},
  adress = {Kurunegala},
  owner = {snordhoff}
}

@BOOK{Saldin2001,
  author = {BDK Saldin},
  year = {2001},
  title = {The Sri Lankan Malays and Their Language},
  address = {Kurunegala},
  publisher = {Nihon},
  edition = {2},
  adress = {Kurunegala},
  owner = {snordhoff}
}

@BOOK{Samsuri1971,
  author = {Samsuri},
  year = {1971},
  title = {Ciri-ciri prosodi dalam kalimat Bahasa Indonesia},
  address = {Flores},
  publisher = {Nusa Indah},
  owner = {snordhoff},
  timestamp = {2007.03.05}
}

@UNPUBLISHED{Slomanson2008ismil,
  author = {Peter Slomanson},
  title = {Progressive Aspect in Sri Lankan Malay and the Syntactic Status of
	\em ambe(l)\em},
  year = {2008},
  note = {Paper presented at ISMIL 12, 26-27 June 2008 University of Leiden},
  owner = {snordhoff},
  timestamp = {2008.10.22}
}

@ARTICLE{Slomanson2008lingua,
  author = {Peter Slomanson},
  year = {2008},
  title = {The perfect construction and complexity drift in Sri Lankan Malay},
  journal = {Lingua},
  volume = {118},
  number = {10},
  pages = {1640--1655},
  owner = {snordhoff},
  timestamp = {2008.10.22}
}

@UNPUBLISHED{Slomanson2007spcl,
  author = {Peter Slomanson},
  title = {- on the areal character of Sri Lankan Malay negation},
  year = {2007},
  note = {paper presented at the Joint Summer Meeting of the SPCL and the ACBLPE
	2007},
  owner = {snordhoff},
  timestamp = {2007.08.08}
}

@CONFERENCE{Slomanson2006conf,
  author = {Peter Slomanson},
  title = {The Perfect Construction and Complexity Drift in Sri Lankan Malay},
  year = {2006},
  note = {paper presented at the 7th Creolistics Workshop on Simplicity and
	Complexity in Pidgins and Creoles University of Giessen 6-8 April
	2006},
  owner = {snordhoff},
  timestamp = {2007.01.22}
}

@UNPUBLISHED{Slomanson2004,
  author = {Slomanson, Peter},
  title = {The syntax of tense and aspect in Sri Lankan Malay.},
  year = {2004},
  note = {Paper presented at the SPCL summer meeting, Cura\c cao Creole confererence
	2004, August 11-15, Cura\c cao},
  owner = {snordhoff}
}

@UNPUBLISHED{Slomanson2003,
  author = {Slomanson, Peter},
  title = {Sri Lankan Malay Grammars: Lankan or Malay?},
  year = {2003},
  note = {Revised Version of a paper presented at The 7th International Symposium
	on Malay/Indonesian Linguistics, Nijmegen June 2003 and the SPCL
	Summer meeting 2003 University of Hawaii, August 2003},
  owner = {snordhoff}
}

@ARTICLE{Smith1979,
  author = {Ian Smith},
  year = {1979},
  title = {Convergence in Sri Lanka: A Creole Example},
  journal = {Lingua},
  volume = {48},
  pages = {193-222},
  owner = {snordhoff}
}

@UNPUBLISHED{Smith2003timing,
  author = {Ian R. Smith},
  title = {The provenance and timing of substrate influence in Sri Lankan Malay;
	Definiteness, animacy and accusative case marking.},
  year = {2003},
  note = {Paper presented at the South Asian Language Analysis Roundtable XXIII,
	Austin, Texas},
  owner = {snordhoff}
}

@UNPUBLISHED{SmithRH,
  author = {Ian R. Smith},
  title = {Running Head: Substrate Influence in Sri Lankan Malay},
  year = {2003},
  note = {Paper published at 23rd South Asian Languages Analysis},
  owner = {snordhoff}
}

@ARTICLE{SmithEtAl2004,
  author = {Ian R. Smith and S. Paauw and B. A. Hussainmiya},
  year = {2004},
  title = {Sri Lanka Malay: the state of the art.},
  journal = {Yearbook of South Asian Languages},
  volume = {2004},
  pages = {197-215},
  booktitle = {Yearbook of South Asian Languages 2004},
  owner = {snordhoff}
}

@MASTERSTHESIS{Sutadhara1995,
  author = {Sutadhara Tapovanaye},
  title = {Vowel Length in Sri Lankan Malay},
  school = {University of Hawaii},
  year = {1995},
  owner = {snordhoff},
  timestamp = {2007.08.08}
}

@MASTERSTHESIS{Tapovanaye1995,
  author = {Suthadara Tapovanaye},
  title = {Vowel Length in Sri Lankan Malay},
  school = {University of Hawaii.},
  year = {1995},
  owner = {snordhoff},
  timestamp = {2008.05.30}
}

@MASTERSTHESIS{Tapovanaye1986,
  author = {Suthadara Tapovanaye},
  title = {Analysis of the segmental phonemes of the Sri Lanka Malay language},
  school = {Univeristy of Kelaniya},
  year = {1986},
  note = {written in Sinhala},
  owner = {snordhoff},
  timestamp = {2008.10.02}
}

@BOOK{Teeuw1984,
  author = {A. Teeuw},
  year = {1984},
  title = {Leerboek Bahasa Indonesia},
  address = {Groningen},
  publisher = {Wolters-Noordhoff},
  edition = {4},
  owner = {snordhoff},
  timestamp = {2007.03.05}
}

@BOOK{Thaliph2005,
  author = {M Farook Thaliph},
  year = {2005},
  title = {Book on Malay Grammar (Nahu) -- A guide to write and speak grammatical
	Malay},
  address = {Wattala},
  publisher = {Terang},
  owner = {snordhoff},
  timestamp = {2009.05.11}
}

@MASTERSTHESIS{Thera1986,
  author = {Suthadhara Thera},
  title = {Analysis of the Segmental Phonemes of the Sri Lanka Malay Language},
  school = {University of Kelaniya},
  year = {1986},
  owner = {snordhoff}
}

@INCOLLECTION{Voorhoeve1983,
  author = {C. L. Voorhoeve},
  title = {Some Observations on North-Moluccan Malay},
  year = {1983},
  booktitle = {Studies in Malay Dialects Part II, Nusa Vol. 17},
  editor = {James T. Collins},
  address = {Jakarta},
  publisher = {Seri Penyelenggara},
  pages = {1--13.},
  owner = {snordhoff},
  timestamp = {2009.06.16}
}

@ARTICLE{Wieringa1997,
  author = {E.P. Wieringa},
  year = {1997},
  title = {A Serat Ambiya in the Hendrik Kraemer Institute at Oegstgeest},
  journal = {Caraka},
  volume = {27--28},
  note = {available at http://www.let.leidenuniv.nl/caraka/27-28/research\_report.htm},
  owner = {snordhoff},
  timestamp = {2009.04.27}
}

@ARTICLE{Wijk1893a,
  author = {Gerth van Wijk},
  year = {1893},
  title = {De Koranische verhalen in het Maleisch},
  journal = {Tijdschrift voor Indische Taal-, Land- en Volkenkunde},
  volume = {35},
  pages = {249--345},
  owner = {snordhoff},
  timestamp = {2009.03.23}
}

@ARTICLE{Wijk1893b,
  author = {Gerth van Wijk},
  year = {1893},
  title = {De Koranische verhalen in het Maleisch},
  journal = {Tijdschrift voor Indische Taal-, Land- en Volkenkunde},
  volume = {36},
  pages = {531--699},
  owner = {snordhoff},
  timestamp = {2009.03.23}
}

@INCOLLECTION{VanZantenEtAl2003,
  author = {Ellen van Zanten and Rob Goedemans and Jos Pacilly},
  title = {The status of word stress in Indonesian},
  year = {2003},
  booktitle = {The Phonological Spectrum. Volume II: Suprasegmental structure},
  editor = {Jeroen van de Weijer and Vincent J. van Heuven and Harry van der
	Hulst},
  address = {Amsterdam, Philadelphia},
  publisher = {John Benjamins},
  pages = {151--175},
  owner = {snordhoff},
  timestamp = {2007.03.05}
}

@PHDTHESIS{Zubkova1966,
  author = {L. G. Zubkova},
  title = {Vokalizm Indonezijskogo jazyka},
  school = {Leningrad University},
  year = {1966},
  owner = {snordhoff},
  timestamp = {2007.03.05}
}

@BOOK{AbuBakar1990,
  year = {1990},
  title = {Melayu Sri Lanka - Simposium Dunia Melayu Kedua. Kumpulan Esei dan
	Kertas Kerja},
  editor = {A. L. {Abu Bakar}},
  publisher = {Universiti Malaia, Biro Penerbitan Gapena},
  adress = {Kuala Lumpur},
  owner = {snordhoff}
}

@BOOK{AdelaarEtAl2005ed,
  year = {2005},
  title = {The Austronesian Languages of Asia and Madagascar},
  editor = {K. Alexander Adelaar and Nikolaus P. Himmelmann},
  address = {London, New York},
  publisher = {Routledge},
  owner = {snordhoff},
  timestamp = {2008.05.30}
}

@BOOK{Ahlip1985,
  year = {1985},
  title = {Simposium Dunia Melayu 85},
  editor = {Enver C. Ahlip},
  address = {Colombo},
  publisher = {The Sri Lanka Malay Confederation and GAPENA},
  adress = {Colombo},
  booktitle = {Simposium Dunia Melayu 85},
  owner = {snordhoff}
}

@BOOK{DeumertEtAl2006,
  year = {2006},
  title = {Structure and Variation in Language Contact},
  editor = {Ana Deumert and Stephanie Durleman},
  address = {Amsterdam},
  publisher = {John Benjamins},
  owner = {snordhoff},
  timestamp = {2007.04.24}
}

@BOOK{DuttonEtAl1994Ed,
  year = {1994},
  title = {Language Contact and Change in the Austronesian World},
  editor = {Tom Dutton and Darrrel T. Tryon},
  address = {Berlin},
  publisher = {Mouton de Gruyter},
  owner = {snordhoff},
  timestamp = {2008.06.19}
}

@BOOK{GilbersEtAl2000,
  year = {2000},
  title = {Languages in Contact},
  editor = {D. G. Gilbers and J. Nerbone and J. Schaeken},
  address = {Amsterdam, Atlanta},
  publisher = {Rodopi},
  series = {Studies in Slavic and General Linguistics 28},
  owner = {snordhoff}
}

@BOOK{Marga1988,
  year = {1988},
  title = {The Muslim Community of Sri Lanka},
  editor = {{Marga Institute, Sri Lanka Center for Development Studies}},
  address = {Colombo},
  note = {Reprint of a study carried out in 1984/85 by Giom Kurukulasuriya
	for the Dr Sheikh Shams Al-Fassi Foundation of Sri Lanka. All data
	taken over from citations in Bichsel-Stettler (1989)},
  adress = {Colombo},
  owner = {snordhoff}
}

@BOOK{RatanakulEtAl1985,
  year = {1985},
  title = {Southeast Asian linguistic studies presented to Andre-G. Haudricourt},
  editor = {Suriya Ratanakul and David Thomas and Suwilai Premsrirat and André
	Georges Henri Haudricourt},
  address = {Bangkok},
  publisher = {Mahidol University},
  owner = {snordhoff},
  timestamp = {2006.06.08}
}

@BOOK{RenfrewEtAl2000,
  year = {2000},
  title = {Time Depth in Historical Linguistics},
  editor = {Colin Renfrew and April McMahon and Larray Trask},
  address = {Cambridge},
  publisher = {McDonald Institute for Archeological Research},
  volume = {2},
  owner = {snordhoff}
}

@BOOK{Steinhauer1991,
  year = {1991},
  title = {Papers in Austronesian linguistics},
  editor = {H. Steinhauer},
  address = {Canberra},
  publisher = {The Australian National University},
  volume = {1},
  series = {Pacific Linguisitics},
  adress = {Canberra},
  owner = {snordhoff}
}

@BOOK{Steinhauer1988,
  year = {1988},
  title = {Papers in Austronesian linguistics},
  editor = {H. Steinhauer},
  address = {Canberra},
  publisher = {The Australian National University},
  volume = {1},
  series = {Pacific Linguistics},
  adress = {Canberra},
  owner = {snordhoff}
}

@BOOK{WurmEtAl1996ed,
  year = {1996},
  title = {Atlas of Languages of Intercultural Communication},
  editor = {Stephen A. Wurm and Peter M\"uhlh\"ausler and Darrel T. Tryon},
  publisher = {Walter de Gruyter},
  adress = {Berlin},
  owner = {ifa}
}

