% This file was created with JabRef 2.3.1.
% Encoding: Cp1252

@INCOLLECTION{AnsaldoEtAl2009age,
  author = {Umberto Ansaldo and Sebastian Nordhoff},
  title = {Complexity and the age of languages},
  year = {2009},
  booktitle = {Complex processes in new languages},
  editor = {Enoch O. Aboh and N. Smith},
  address = {Amsterdam},
  publisher = {John Benjamins},
  owner = {snordhoff},
  timestamp = {2009.04.29}
}

@UNPUBLISHED{AnsaldoEtAlFCLT,
  author = {Umberto Ansaldo and Sebastian Nordhoff},
  title = {Typological dynamics in contact language formation.
	
	Congruence, frequency and metatypy in Sri Lanka Malay grammar},
  year = {submitted},
  owner = {snordhoff},
  timestamp = {2009.04.29}
}

@UNPUBLISHED{AnsaldoEtAl2006SWL,
  author = {Umberto Ansaldo and Sebastian Nordhoff},
  title = {The role of typological pressure in contact-induced restructuring},
  year = {2006},
  note = {paper presented at the conference Syntax of the World's Languages
	II, Lancaster, UK},
  month = {September},
  owner = {snordhoff},
  timestamp = {2007.08.08}
}

@ARTICLE{ApoussidouEtAlfc,
  author = {Diana Apoussidou and Sebastian Nordhoff},
  year = {in preparation},
  title = {Segmental and suprasegmental phonology in language contact},
  owner = {snordhoff},
  timestamp = {2007.08.08}
}

@UNPUBLISHED{ApoussidouEtAl2008,
  author = {Diana Apoussidou and Sebastian Nordhoff},
  title = {Feet in Sri Lanka Malay -- no stress please},
  year = {2008},
  note = {Paper presented at OCP 5, January 2008, Toulouse},
  owner = {snordhoff},
  timestamp = {2009.01.07}
}

@INCOLLECTION{NitzEtAlfc,
  author = {Eike Nitz and Sebastian Nordhoff},
  title = {Subtractive Plural Morphology in Sinhala},
  year = {forthcoming},
  booktitle = {Rara \& Rarissima. Collecting and interpreting unusual characteristics
	of human languages},
  editor = {Jan Wohlgemuth and Michael Cysouw},
  address = {Berlin},
  publisher = {Mouton de Gruyter},
  owner = {snordhoff},
  timestamp = {2007.08.08}
}

@ARTICLE{NordhoffSubDirections,
  author = {Sebastian Nordhoff},
  year = {submitted},
  title = {Directions of language change in a trilingual setting},
  owner = {snordhoff},
  timestamp = {2008.06.23}
}

@ARTICLE{Nordhoff2008jldc,
  author = {Sebastian Nordhoff},
  year = {2008},
  title = {Electronic reference grammars for typology -- challenges and solutions},
  journal = {Journal for Language Documentation and Conservation},
  volume = {2},
  number = {2},
  pages = {296--324},
  owner = {snordhoff},
  timestamp = {2009.05.15}
}

@UNPUBLISHED{Nordhoff2007alt,
  author = {Sebastian Nordhoff},
  title = {Grammar writing in the Electronic Age},
  year = {2007},
  note = {Paper presented at the ALT VII conference in Paris},
  owner = {snordhoff},
  timestamp = {2009.05.15}
}

@UNPUBLISHED{Nordhoff2007dobes,
  author = {Sebastian Nordhoff},
  title = {Growing a grammar with GALOES},
  year = {2007},
  note = {Paper presented at the Dobes workshop at the MPI Nijmegen},
  owner = {snordhoff},
  timestamp = {2009.05.15}
}

@UNPUBLISHED{Nordhoff2007mpi,
  author = {Sebastian Nordhoff},
  title = {The grammar authoring system GALOES},
  year = {2007},
  note = {Paper presented at the workshop ``Wikifying research'' at the MPI
	Leipzig},
  owner = {snordhoff},
  timestamp = {2009.05.15}
}

@UNPUBLISHED{Nordhoff2007slmpos,
  author = {Sebastian Nordhoff},
  title = {Jack-of-all-trades: The Sri Lankan Malay property word},
  year = {2007},
  note = {Paper presented at the Workshop on flexible languages, Amsterdam},
  month = {April},
  owner = {snordhoff},
  timestamp = {2007.08.08}
}

@UNPUBLISHED{Nordhoff2007spcl,
  author = {Sebastian Nordhoff},
  title = {Vowel quantity in Sri Lanka Malay},
  year = {2007},
  note = {paper presented at the Joint Summer Meeting of the SPCL and the ACBLPE
	2007},
  owner = {snordhoff},
  timestamp = {2007.08.08}
}

