% This file was created with JabRef 2.7b.
% Encoding: ISO8859_1

@PHDTHESIS{Nordhoff2009phd,
  author = {Sebastian Nordhoff},
  title = {A Grammar of Upcountry Sri Lanka Malay},
  school = {University of Amsterdam},
  year = {2009},
  lgcode = {[sci]},
  owner = {snordhoff},
  timestamp = {2012.06.05},
  url = {http://www.lotpublications.nl/publish/articles/003744/bookpart.pdf}
}

@BOOK{Nordhoff2004,
  author = {Sebastian Nordhoff},
  year = {2004},
  title = {Nomen/Verb-Distinktion im Guarani},
  address = {K\"oln},
  publisher = {Universit\"at zu K\"oln},
  series = {Arbeitspapier Neue Folge Nr. 48},
  lgcode = {[gug]},
  owner = {snordhoff},
  timestamp = {2012.05.30},
  url = {http://pubman.mpdl.mpg.de/pubman/item/escidoc:384998:3/component/escidoc:384996/guarani_nordhoff2004_s.pdf?mode=download}
}

@book{Nordhoff2018cookbook,
year = {2018},
author = {Sebastian Nordhoff},
title ={Cookbook for {Open Access} books},
address ={Berlin},
publisher ={Language Science Press},
doi ={10.5281/zenodo.1286925}
}

@book{Nordhoff2018businessmodel,
year = {2018},
author = {Sebastian Nordhoff},
title ={Language Science Press business model},
address ={Berlin},
publisher ={Language Science Press},
doi ={10.5281/zenodo.1286972}
}

