% This file was created with JabRef 2.7b.
% Encoding: ISO8859_1

@MISC{asjponline,
  author = {Nordhoff, Sebastian},
  title = {ASJP online},
  year = {2012},
  note = {online version of the Automated Similarity Judgment Program database},
  owner = {snordhoff},
  timestamp = {2012.06.02},
  url = {http://cldbstest.eva.mpg.de/asjp}
}

@MISC{Glottolog,
  author = {Sebasian Nordhoff},
  title = {Glottolog/Langdoc},
  howpublished = {Online resource for references and genealogical relationships.},
  year = {2012},
  owner = {snordhoff},
  timestamp = {2012.06.02},
  url = {http://glottolog.org}
}

@MISC{GALOES,
  author = {Sebasian Nordhoff},
  title = {GALOES online grammar authoring system},
  year = {2008},
  owner = {snordhoff},
  timestamp = {2012.06.02},
  url = {http://www.galoes.org}
}

@comment{jabref-meta: selector_publisher:}

@comment{jabref-meta: selector_author:}

@comment{jabref-meta: selector_journal:}

@comment{jabref-meta: selector_keywords:}

