@BOOK{ChiarcosEtAlEd2012,
  editor = {Christian Chiarcos and Sebastian Nordhoff and Sebastian Hellmann},
  year = {2012},
  title = {Linked Data in Linguistics. Representing Language Data and Metadata},
  address = {Heidelberg},
  publisher = {Springer} 
}

@BOOK{NordhoffEd2012Brill,
  editor = {Nordhoff, Sebastian},
  year = {2012},
  title = {The genesis of Sri Lanka Malay -- A case of extreme language contact},
  address = {Leiden},
  publisher = {Brill}, 
  owner = {snordhoff},
  timestamp = {2011.09.13}
}

@BOOK{NordhoffEd2012grammaticography,
  editor = {Nordhoff, Sebastian},
  year = {2012},
  title = {Electronic Grammaticography},
  address = {Manoa},
  publisher = {University of Hawai'i Press},
  owner = {snordhoff},
  timestamp = {2012.05.31},
  url = {http://scholarspace.manoa.hawaii.edu/bitstream/handle/10125/4552/master.pdf}
}
 
