@InCollection{ChiarcosEtAl2012ldl-llod,
  Title                    = {Linking linguistic resources: {Examples} from the {Open Linguistics Working Group}},
  Author                   = {Christian Chiarcos and Sebastian Hellmann and Sebastian Nordhoff},
  Booktitle                = {Linked Data in Linguistics. Representing Language Data and Metadata},
  Publisher                = {Springer},
  Year                     = {2012},
  Address                  = {Heidelberg},
  Editor                   = {Christian Chiarcos and Sebastian Nordhoff and Sebastian Hellmann},
  Pages                    = {201-216}
}




@InCollection{ChiarcosEtAl2012ldl-owlg,
  Title                    = {The Open Linguistics Working Group of the Open Knowledge Foundation},
  Author                   = {Christian Chiarcos and Sebastian Hellmann and Sebastian Nordhoff},
  Booktitle                = {Linked Data in Linguistics. Representing Language Data and Metadata},
  Publisher                = {Springer},
  Year                     = {2012},

  Address                  = {Heidelberg},
  Editor                   = {Christian Chiarcos and Sebastian Nordhoff and Sebastian Hellmann},
  Pages                    = {153-160},

}
 
@InCollection{Nordhoff2015valency,
  Title                    = {Case frames in Sri Lanka Malay},
  Author                   = {Nordhoff, Sebastian},
  Booktitle                = {Valency Classes in the World's Languages},
  Publisher                = {de Gruyter Mouton},
  Year                     = {2015},

  Address                  = {Berlin},
  Editor                   = {Andrej Malchukov and Bernard Comrie},
  Pages                    = {987-1014},
  Volume                   = {2},

  Owner                    = {snordhoff},
  Timestamp                = {2012.05.30}
}

@InCollection{Nordhoff2012multilayer,
  Title                    = {The development of Sri Lanka Malay as a multi-layered process},
  Author                   = {Sebastian Nordhoff},
  Booktitle                = {The genesis of Sri Lanka Malay -- A case of extreme language contact},
  Publisher                = {Brill},
  Year                     = {2012},

  Address                  = {Leiden},
  Editor                   = {Nordhoff, Sebastian},
  Pages                    = {251-280},

  Owner                    = {snordhoff},
  Timestamp                = {2012.05.31}
}

@InCollection{AnsaldoEtAl2009age,
  Title                    = {Complexity and the age of languages},
  Author                   = {Umberto Ansaldo and Sebastian Nordhoff},
  Booktitle                = {Complex processes in new languages},
  Publisher                = {John Benjamins},
  Year                     = {2009},

  Address                  = {Amsterdam},
  Editor                   = {Enoch O. Aboh and N. Smith},
  Pages                    = {345-363},

  Lgcode                   = {[sci] [cmn] [och]},
  Timestamp                = {2009.04.29}
}

@Article{ChiarcosEtAl2012tal,
  Title                    = {Towards a Linguistic Linked Open Data cloud: The Open Linguistics Working Group.},
  Author                   = {Chiarcos, Christian and Hellmann, Sebastian and Nordhoff, Sebastian},
  Journal                  = {TAL},
  Year                     = {2011},
  Number                   = {3},
  Pages                    = {245--275},
  Volume                   = {52},

  Url                      = {http://atala.org/IMG/pdf/Chiarcos-TAL52-3.pdf}
}

@InProceedings{ChiarcosEtAl2012lrec-owlg,
  Title                    = {The Open Linguistics Working Group},
  Author                   = {Christian Chiarcos and Sebastian Hellmann and Sebastian Nordhoff and Steven Moran and Richard Littauer and Judith Eckle-Kohler and Iryna Gurevych and Silvana Hartmann and Michael Matuschek and Christian M. Meyer},
  Booktitle                = {Proceedings of LREC 2012},
  Year                     = {2012},

  Owner                    = {snordhoff},
  Timestamp                = {2012.06.05}
}

@InCollection{HammarstroemEtAl2010Melanesia,
  Title                    = {The languages of Melanesia: Quantifying the level of coverage},
  Author                   = {Harald Hammarstr\"om and Sebastian Nordhoff},
  Booktitle                = {Melanesian languages on the edge of Asia: Challenges for the 21st Century},
  Publisher                = {University of Hawai'i Press},
  Year                     = {2012},

  Address                  = {Honolulu},
  Editor                   = {Marian Klamer and Nick Evans},
  Pages                    = {13-33},
  Series                   = {LDC},

  Timestamp                = {2011.10.20},
  Url                      = {http://hdl.handle.net/10125/4559}
}

@Article{HammarstroemEtAl2011Oslo,
  Title                    = {LangDoc: Bibliographic Infrastructure for Linguistic Typology},
  Author                   = {Harald Hammarstr\"om and Sebastian Nordhoff},
  Journal                  = {Oslo Studies in Language},
  Year                     = {2011},
  Number                   = {2},
  Pages                    = {31-43},
  Volume                   = {3},

  Timestamp                = {2011.10.24},
  Url                      = {https://www.journals.uio.no/index.php/osla/article/view/75/199}
}

@InCollection{NitzEtAl2010,
  Title                    = {Subtractive Plural Morphology in Sinhala},
  Author                   = {Eike Nitz and Sebastian Nordhoff},
  Booktitle                = {Rara \& Rarissima. Collecting and interpreting unusual characteristics of human languages},
  Publisher                = {Mouton de Gruyter},
  Year                     = {2010},

  Address                  = {Berlin},
  Editor                   = {Jan Wohlgemuth and Michael Cysouw},
  Pages                    = {247-266},

  Lgcode                   = {[sin]},
  Timestamp                = {2007.08.08}
}

@InCollection{Nordhoff2012ldl-glottolog,
  Title                    = {{Linked Data} for linguistic diversity research: {Glottolog/Langdoc} and {ASJP}},
  Author                   = {Sebastian Nordhoff},
  Booktitle                = {Linked Data in Linguistics. Representing and Connecting Language Data and Language Metadata},
  Publisher                = {Springer},
  Year                     = {2012},

  Address                  = {Heidelberg},
  Editor                   = {Chiarcos, Christian and Nordhoff, Sebastian and Hellmann, Sebastian},
  Pages                    = {191-200},

  Doi                      = {10.1007/978-3-642-28249-2} 
}

@InCollection{Nordhoff2013valpal,
  Title                    = {Sri Lanka Malay Valency Patterns},
  Author                   = {Sebastian Nordhoff},
  Booktitle                = {Valency Patterns Leipzig.},
  Publisher                = {Max Planck Institute for Evolutionary Anthropology},
  Year                     = {2013},

  Address                  = {Leipzig},
  Editor                   = {Hartmann, Iren and Haspelmath, Martin and Taylor, Bradley},

  Owner                    = {snordhoff},
  Timestamp                = {2018.03.18},
  Url                      = {http://valpal.info/languages/sri-lanka-malay}
}

@InCollection{Nordhoff2013joat,
  Title                    = {Jack-of-all-trades: The Sri Lankan Malay property word},
  Author                   = {Sebastian Nordhoff},
  Booktitle                = {Flexible word classes: a typological study of underspecified parts-of-speech},
  Publisher                = {OUP},
  Year                     = {2013},

  Address                  = {Oxford},
  Editor                   = {van Lier, Eva and Rijkhoff, Jan},
  Pages                    = {247-274},

  Lgcode                   = {[sci]},
  Timestamp                = {2007.08.08}
}

@InCollection{Nordhoff2012fufomp,
  Title                    = {The grammatical description as a collection of form-meaning pairs},
  Author                   = {Sebastian Nordhoff},
  Booktitle                = {Electronic Grammaticography},
  Publisher                = {University of Hawai'i Press},
  Year                     = {2012},

  Address                  = {Manoa},
  Editor                   = {Sebastian Nordhoff},
  Pages                    = {33-62},

  Timestamp                = {2011.08.25},
  Url                      = {http://scholarspace.manoa.hawaii.edu/bitstream/handle/10125/4529/nordhoff.pdf}
}

@InCollection{Nordhoff2012sketch,
  Title                    = {Sri Lanka Malay sketch grammar},
  Author                   = {Sebasian Nordhoff},
  Booktitle                = {The genesis of Sri Lanka Malay -- A case of extreme language contact},
  Publisher                = {Brill},
  Year                     = {2012},

  Address                  = {Leiden},
  Editor                   = {Nordhoff, Sebastian},
  Pages                    = {13-49},

  Owner                    = {snordhoff},
  Timestamp                = {2012.06.02}
}

@Article{Nordhoff2013slp,
  Title                    = {The current state of Sri Lanka Portuguese},
  Author                   = {Sebastian Nordhoff},
  Journal                  = {Journal of Pidgin and Creole Languages},
  Year                     = {2013},
  Number                   = {1},
  Pages                    = {425-434},
  Volume                   = {28},

  Owner                    = {snordhoff},
  Timestamp                = {2012.06.02}
}

@Article{Nordhoff2012sinhalainfluence,
  Title                    = {Establishing and dating Sinhala influence in Sri Lanka Malay},
  Author                   = {Sebastian Nordhoff},
  Journal                  = {Journal of Language Contact},
  Year                     = {2012},
  Number                   = {1},
  Pages                    = {23-57},
  Volume                   = {5},

  Owner                    = {snordhoff},
  Timestamp                = {2012.05.30},
  Url                      = {http://booksandjournals.brillonline.com/content/10.1163/187740912x623398;jsessionid=4js22dpsqp7q8.x-brill-live-01}
}

@Article{Nordhoff2012smith,
  Title                    = {Commentary on Smith's papers},
  Author                   = {Sebastian Nordhoff},
  Journal                  = {Journal of Language Contact},
  Year                     = {2012},
  Pages                    = {73-79},
  Volume                   = {5},

  Owner                    = {snordhoff},
  Timestamp                = {2012.05.30},
  Url                      = {http://booksandjournals.brillonline.com/content/10.1163/187740912x623415;jsessionid=4js22dpsqp7q8.x-brill-live-01}
}

@Article{Nordhoff2012svc,
  Title                    = {Multi-verb constructions in Sri Lanka Malay},
  Author                   = {Sebastian Nordhoff},
  Journal                  = {Journal of Pidgin and Creole Languages},
  Year                     = {2012},
  Number                   = {2},
  Pages                    = {303-343},
  Volume                   = {27},

  Lgcode                   = {[sci] [sin] [tam]},
  Timestamp                = {2011.03.24}
}

@Article{Nordhoff2011copula,
  Title                    = {Having come to be a copula in Sri Lanka Malay -- an unusual grammaticalization path},
  Author                   = {Sebastian Nordhoff},
  Journal                  = {Folia Linguistica},
  Year                     = {2011},
  Number                   = {1},
  Pages                    = {103-126},
  Volume                   = {45},

  Lgcode                   = {[sci] [sin] [tam] [ind]},
  Timestamp                = {2011.03.24}
}

@Article{Nordhoff2011transparency,
  Title                    = {Transparency in Sri Lanka Malay},
  Author                   = {Nordhoff, Sebastian},
  Journal                  = {Linguistics in Amsterdam},
  Year                     = {2011},
  Number                   = {2},
  Volume                   = {4},

  Lgcode                   = {[sci]},
  Timestamp                = {2011.03.24}
}

@Article{Nordhoff2008jldc,
  Title                    = {Electronic reference grammars for typology -- challenges and solutions},
  Author                   = {Sebastian Nordhoff},
  Journal                  = {Journal for Language Documentation and Conservation},
  Year                     = {2008},
  Number                   = {2},
  Pages                    = {296--324},
  Volume                   = {2},

  Timestamp                = {2009.05.15},
  Url                      = {http://hdl.handle.net/10125/4352}
}

@Article{Nordhoff2008lia,
  Title                    = {Towards a mathematical model of word class clusterings},
  Author                   = {Nordhoff, Sebastian},
  Journal                  = {Linguistics in Amsterdam},
  Year                     = {2008},
  Pages                    = {5-35},
  Volume                   = {1},

  Owner                    = {snordhoff},
  Timestamp                = {2012.06.05},
  Url                      = {http://www.linguisticsinamsterdam.nl/cgi/t/text/get-pdf?c=aclc;idno=0101a02}
}

@InProceedings{NordhoffEtAl2012DH,
  Title                    = {Cataloguing linguistic diversity: Glottolog/Langdoc},
  Author                   = {Sebastian Nordhoff and Harald Hammarstr\"om},
  Booktitle                = {Proceedings of Digital Humanities 2012},
  Year                     = {2012},

  Owner                    = {snordhoff},
  Timestamp                = {2012.06.05}
}

@InProceedings{NordhoffEtAl2012lrec,
  Title                    = {Glottolog/Langdoc: Increasing the visibility of grey literature for low-density languages},
  Author                   = {Sebastian Nordhoff and Harald Hammarstr\"om},
  Booktitle                = {Proceedings of LREC 2012},
  Year                     = {2012},

  Url                      = {http://www.lrec-conf.org/proceedings/lrec2012/pdf/733_Paper.pdf}
}

@InProceedings{NordhoffEtAl2011iswc,
  Title                    = {{Glottolog/Langdoc: Defining} dialects, languages, and language families as collections of resources},
  Author                   = {Sebastian Nordhoff and Harald Hammarstr\"om},
  Booktitle                = {Proceedings of the First International Workshop on Linked Science 2011},
  Year                     = {2011},
  Series                   = {CEUR Workshop Proceedings},
  number = {783},

  Url                      = {http://iswc2011.semanticweb.org/fileadmin/iswc/Papers/Workshops/LISC/nordhoff.pdf}
}

@Article{NordhoffHammarström2014ldd,
  Title                    = {Archiving grammatical descriptions},
  Author                   = {Sebastian Nordhoff and Harald Hammarström},
  Journal                  = {Language Documentation and Description},
  Year                     = {2014},
  Pages                    = {164--186},
  Volume                   = {12}
}

@InProceedings{NordhoffKopecky2018,
  Title                    = {Full disclosure: Open Business Data and the Publisher's Cookbook},
  Author                   = {Sebastian Nordhoff and Felix Kopecky},
  Booktitle                = {Proceedings of ElPub 2018},
  Year                     = {2018},

  Owner                    = {snordhoff},
  Timestamp                = {2018.03.18}
}

@InProceedings{NordhoffPittrich2018,
  Title                    = {docLoop-OER: channeling reader feedback into Open Educational Resources},
  Author                   = {Sebasian Nordhoff and Andreas Pittrich},
  Booktitle                = {Proceedings of ElPub 2018},
  Year                     = {2018}, 
  Owner                    = {snordhoff},
  Timestamp                = {2018.03.18}
}

@InProceedings{NORDHOFF16.1171,
  Title                    = {The Alaskan Athabascan Grammar Database},
  Author                   = {Sebastian Nordhoff and Siri Tuttle and Olga Lovick},
  Booktitle                = {Proceedings of the Tenth International Conference on Language Resources and Evaluation (LREC 2016)},
  Year                     = {2016},
  Address                  = {Paris, France},
  Editor                   = {Nicoletta Calzolari (Conference Chair) and Khalid Choukri and Thierry Declerck and Sara Goggi and Marko Grobelnik and Bente Maegaard and Joseph Mariani and Helene Mazo and Asuncion Moreno and Jan Odijk and Stelios Piperidis},
  Month                    = {5},
  Publisher                = {European Language Resources Association (ELRA)},
  ISBN                     = {978-2-9517408-9-1}, 
  Location                 = {Portorož, Slovenia}
}

@InProceedings{SCHENNER16.653,
  Title                    = {Extracting interlinear glossed text from LaTeX documents},
  Author                   = {Mathias Schenner and Sebastian Nordhoff},
  Booktitle                = {Proceedings of the Tenth International Conference on Language Resources and Evaluation (LREC 2016)},
  Year                     = {2016},
  Address                  = {Paris, France},
  Editor                   = {Nicoletta Calzolari (Conference Chair) and Khalid Choukri and Thierry Declerck and Sara Goggi and Marko Grobelnik and Bente Maegaard and Joseph Mariani and Helene Mazo and Asuncion Moreno and Jan Odijk and Stelios Piperidis},
  Month                    = {5},
  Publisher                = {European Language Resources Association (ELRA)},
  ISBN                     = {978-2-9517408-9-1}, 
  Location                 = {Portorož, Slovenia}
}





@article{SeyfeddinipurEtAl2019,
	Author = {Seyfeddinipur, Mandana and Felix Ameka and Lissant Bolton and Jonathan Blumtritt and Brian Carpenter and Hilaria Cruz and Sebastian Drude and Patience L. Epps and Vera Ferreira and Ana Vilacy Galucio and Brigit Hellwig and Oliver Hinte and Gary Holton and Dagmar Jung and Irmgarda Kasinskaite Buddeberg and Manfred Krifka and Susan Kung and Miyuki Monroig and Ayu'nwi Ngwabe Neba and Sebastian Nordhoff and Brigitte Pakendorf and Kilu von Prince and Felix Rau and Keren Rice and Michael Rießler and Vera Szoelloesi Brenig and Nick Thieberger and Paul Trilsbeek and Hein van der Voort and Tony Woodbury},
	Journal = {Language Documentation \& Conservation},
	Pages = {545-563},
	Shortjournal = {LD\&C},
	Subtitle = {Challenges and possible strategies},
	Title = {Public access to research data in language documentation},
	Url = {http://hdl.handle.net/10125/24901},
	Volume = {13},
	Year = {2019}}



@article{Nordhoff2019elpub,
  TITLE = {Community proofreading as a tool for community engagement},
  AUTHOR = {Nordhoff, Sebastian},
  DOI = {10.4000/proceedings.elpub.2019.3},
  JOURNAL = {ELectronic PUBlishing},
  VOLUME = {Academic publishing and digital bibliodiversity},
  YEAR = {2019},
  MONTH = {6}
  }

  @article{SebastianNordhoff2019,
	author = {Sebastian Nordhoff},
	journal = {LIBREAS. Library Ideas},
	url = {https://libreas.eu/ausgabe35/nordhoff},
	title = {Warum kostet ein wissenschaftliches {Buch} 28.000 {EUR}?},
	volume = {35},
	year = {2019}
}

@incollection{vonPrinceNordhoff2020,
title ={An empirical evaluation of annotation practices in corpora from language documentation},
author = {Kilu {von Prince} and Sebastian Nordhoff},
booktitle = {Proceedings of {LREC} 2020},
year = {2020},
publisher = {LREC},
address = {Marseille}
}





@inproceedings{Nordhoff2020coling,
    title = {Modelling and annotating interlinear glossed text from 280 different endangered languages as {Linked Data} with {LIGT}},
    author = {Nordhoff, Sebastian},
    booktitle = {{Proceedings of the 14th Linguistic Annotation Workshop}},
    year = {2020},
    address = {Barcelona},
    publisher = {Association for Computational Linguistics},
    url = {https://aclanthology.org/2020.law-1.9},
    editors = {Stefanie Dipper and Amir Zeldes},
    pages = {93--104},
}



@article{NordhoffKraemer2022,
  author = {Sebastian Nordhoff and Thomas Krämer},
  booktitle = {{Proceedings of The 8th Workshop on Linked Data in Linguistics within the 13th Language Resources and Evaluation Conference}},
  address = {Marseille},
  title = {{IMTVault}: Extracting and enriching low-resource language interlinear glossed text from grammatical descriptions and typological survey articles},
  pages = {17‑25},
  year = {2022}
  }




@inproceedings{Nordhoff2020LREC,
    title = {From the attic to the cloud: {M}obilization of endangered language resources with linked data},
    author = {Nordhoff, Sebastian},
    booktitle = {{Proceedings of the Workshop about Language Resources for the SSH Cloud}},
    month = {5},
    year = {2020},
    address = {Marseille, France},
    publisher = {European Language Resources Association},
    url = {https://www.aclweb.org/anthology/2020.lr4sshoc-1.3},
    pages = {10--18}
}





