% This file was created with JabRef 2.7b.
% Encoding: ISO8859_1

@UNPUBLISHED{ApoussidouEtAl2009msnostress,
  author = {Diana Apoussidou and Sebastian Nordhoff},
  title = {Feet in Sri Lanka Malay -- no stress please},
  note = {Manuscript University of Amsterdam},
  year = {2009},
  lgcode = {[sci]},
  owner = {snordhoff},
  timestamp = {2009.01.07}
}

@UNPUBLISHED{Nordhoff2008msdiachronica,
  author = {Sebastian Nordhoff},
  title = {Directions of language change in a trilingual environment},
  note = {Ms. University of Amsterdm},
  year = {2008},
  owner = {snordhoff},
  timestamp = {2012.06.05}
}

@UNPUBLISHED{Nordhoff2007msguarani,
  author = {Sebastian Nordhoff},
  title = {Inactive marking on nouny lexemes.},
  note = {Ms. University of Amsterdam},
  year = {2007},
  owner = {snordhoff},
  timestamp = {2012.06.05}
}

@comment{jabref-meta: selector_publisher:}

@comment{jabref-meta: selector_author:}

@comment{jabref-meta: selector_journal:}

@comment{jabref-meta: selector_keywords:}

