This file was created with JabRef 1.6.
Encoding: Cp1252

@BOOK{Seiler1985,
  author = {Walter Seiler},
  year = {1985},
  title = {Imonda, a Papuan language},
  address = {Canberra},
  publisher = {Department of Linguistics, Research School of Pacific Studies, Australian National University},
  volume = {93},
  series = {Pacific linguistics},
  owner = {snordhoff},
}

