% This file was created with JabRef 2.3.1.
% Encoding: Cp1252

@ARTICLE{Bloch1950,
  author = {Bernard Bloch},
  year = {1950},
  title = {Studies in Colloquial Japanese IV: Phonemics},
  journal = {Language},
  volume = {26},
  pages = {86--125},
  owner = {snordhoff},
  timestamp = {2009.01.05}
}

@PHDTHESIS{Botma2004,
  author = {Bert Botma},
  title = {Phonological Aspects of Nasality -- An Element-Based Dependency Approach},
  school = {Universiteit van Amsterdam},
  year = {2004},
  owner = {snordhoff},
  timestamp = {2009.01.05}
}

@INCOLLECTION{Clements1999affr,
  author = {G. N. Clements},
  title = {Affricates as noncontoured stops},
  year = {1999},
  booktitle = {Proceedings of LP '98: item order in language and speech},
  editor = {Osamu Fujimura and Brian D. Joseph and Bohumil Palek},
  address = {Prague},
  publisher = {Karolinum Press},
  pages = {271--299},
  owner = {snordhoff},
  timestamp = {2009.02.23}
}

@INCOLLECTION{Clements1990sonority,
  author = {G. N. Clements},
  title = {The Role of the Sonority Cycle in Core Syllabification},
  year = {1990},
  booktitle = {Papers in Laboratory Phonology I},
  editor = {John Kingston and Mary E. Beckman},
  address = {Cambridge},
  publisher = {CUP},
  pages = {283--333},
  owner = {snordhoff},
  timestamp = {2009.01.05}
}

@ARTICLE{DImperioEtAl1999,
  author = {Mariapaola D'Imperio and Sam Rosenthall},
  year = {1999},
  title = {Phonetics and phonology of main
	
	stress in Italian},
  journal = {Phonology},
  volume = {16},
  pages = {1--28},
  owner = {snordhoff},
  timestamp = {2007.06.13}
}

@UNPUBLISHED{FarrisTrimble2007alt,
  author = {Ashley W. Farris-Trimble},
  title = {A typology of s-cluster inventories*},
  year = {2007},
  note = {Paper presented at ALT VII, Paris},
  owner = {snordhoff},
  timestamp = {2009.02.23}
}

@ARTICLE{Fry1958,
  author = {D. B. Fry},
  year = {1958},
  title = {Experiments in the perception of stress},
  journal = {Language and Speech},
  volume = {1},
  pages = {126--52},
  owner = {snordhoff},
  timestamp = {2007.04.24}
}

@BOOK{Goldsmith1990,
  author = {John A. Goldsmith},
  year = {1990},
  title = {Autosegmental \& Metrical Phonology},
  address = {Oxford},
  publisher = {Basil Blackwell},
  owner = {snordhoff},
  timestamp = {2007.06.13}
}

@BOOK{Goldsmith1989,
  author = {John A. Goldsmith},
  year = {1989},
  title = {Autosegmental and metrical phonology},
  address = {Oxford},
  publisher = {Basil Blackwell},
  owner = {snordhoff},
  timestamp = {2006.06.22}
}

@ARTICLE{HalleEtAl1980,
  author = {M. Halle and J.-R. Vergnaud},
  year = {1980},
  title = {Three-dimensional phonology},
  journal = {Journal of Linguistic Research},
  volume = {1},
  pages = {83--105},
  owner = {snordhoff},
  timestamp = {2009.02.23}
}

@BOOK{Harris1983,
  author = {J. Harris},
  year = {1983},
  title = {Syllable structure and stress in Spanish -- A non-linear analysis.},
  address = {Cambridge},
  publisher = {MIT press},
  owner = {snordhoff},
  timestamp = {2009.02.23}
}

@BOOK{Hayes1985,
  author = {B. Hayes},
  year = {1985},
  title = {A metrical theory of stress},
  address = {New York},
  publisher = {Garland Publishing},
  owner = {snordhoff},
  timestamp = {2009.02.23}
}

@BOOK{HoggEtAl1987,
  author = {Hogg, Richard and C. McCully},
  year = {1987},
  title = {Metrical Phonology -- a coursebook},
  address = {Cambridge},
  publisher = {CUP},
  owner = {snordhoff},
  timestamp = {2006.06.22}
}

@BOOK{Hyman1985,
  author = {Larry Hyman},
  year = {1985},
  title = {A Theory of Phonological Weight},
  address = {Dordrecht},
  publisher = {Foris},
  owner = {snordhoff},
  timestamp = {2006.09.25}
}

@TECHREPORT{JakobsonEtAl1952speechanalysis,
  author = {Roman C. Jakobson and Gunnar M. Fant and Morris Halle},
  title = {Preliminaries to speech analysis: The distinctive features and their
	correlates.},
  institution = {MIT Acoustics Laboratory},
  year = {1952},
  number = {13},
  owner = {snordhoff},
  timestamp = {2008.10.02}
}

@BOOK{Jespersen1904,
  author = {Otto Jespersen},
  year = {1904},
  title = {Lehrbuch der Phonetik},
  address = {Leipzig, Berlin},
  publisher = {Teubner},
  owner = {snordhoff},
  timestamp = {2009.02.23}
}

@BOOK{Kager1999OT,
  author = {Ren\'e Kager},
  year = {1999},
  title = {Optimality Theory},
  address = {Cambridge},
  publisher = {CUP},
  owner = {snordhoff},
  timestamp = {2009.02.23}
}

@BOOK{Kager1989,
  author = {Ren\'e Kager},
  year = {1989},
  title = {A Metrical Theory of Stress and Destressing in English and Dutch},
  address = {Dordrecht},
  publisher = {Foris},
  owner = {snordhoff},
  timestamp = {2009.01.14}
}

@BOOK{Kehrein2002affr,
  author = {Wolfgang Kehrein},
  year = {2002},
  title = {Phonological Representation and Phonetic Phasing. Affricates and
	Laryngeals},
  address = {T\"ubingen},
  publisher = {Niemeyer},
  owner = {snordhoff},
  timestamp = {2008.10.02}
}

@ARTICLE{Kiparsky1985lexphon,
  author = {Paul Kiparsky},
  year = {1985},
  title = {Some consequences of lexical phonology},
  journal = {Phonology Yearbook},
  volume = {2},
  pages = {83--138},
  owner = {snordhoff},
  timestamp = {2009.02.23}
}

@BOOK{Ladefoged1975course,
  author = {Peter Ladefoged},
  year = {1975},
  title = {A Course in Phonetics},
  address = {New York},
  publisher = {Harcourt Brace},
  owner = {snordhoff},
  timestamp = {2009.01.05}
}

@ARTICLE{Levi2008glides,
  author = {Susannah V. Levi},
  year = {2008},
  title = {Phonemic vs. derived glides},
  journal = {Lingua},
  volume = {118},
  pages = {1956--1978},
  owner = {snordhoff},
  timestamp = {2009.01.21}
}

@TECHREPORT{McCarthyEtAl1993,
  author = {John J. McCarthy and Alan Prince},
  title = {Prosodic Morphology -- Constraint Interaction and Satisfaction},
  institution = {Rutgers University Center for Cognitive Science},
  year = {1993},
  number = {3},
  owner = {snordhoff},
  timestamp = {2009.05.29}
}

@BOOK{NesporEtAl1986,
  author = {Marina Nespor and Irene Vogel},
  year = {1986},
  title = {Prosodic Phonology},
  address = {Dordrecht},
  publisher = {Foris},
  owner = {snordhoff},
  timestamp = {2009.01.05}
}

@INCOLLECTION{Prince1990,
  author = {Alan Prince},
  title = {Quantitative consequences of rhythmic organisation},
  year = {1990},
  booktitle = {CLS 26-II: Papers from the Parasession on
	
	the Syllable in Phonetics and Phonology},
  editor = {K. Deaton and M. Noske and M. Ziolkovsk},
  address = {Chicago},
  publisher = {Chicago Linguistic Society},
  pages = {355--398},
  owner = {snordhoff},
  timestamp = {2007.06.13}
}

@UNPUBLISHED{Rice2005,
  author = {Curt Rice},
  title = {Norwegian stress and quantity: The implications of loanwords},
  year = {2005},
  note = {Rutgers Optimality Archive 747},
  owner = {snordhoff},
  timestamp = {2007.06.12}
}

@ARTICLE{Rice1992sonority,
  author = {Keren Rice},
  year = {1992},
  title = {On deriving sonority: A structural account of sonority
	
	relationships},
  journal = {Phonology},
  volume = {9},
  pages = {61--99},
  owner = {snordhoff},
  timestamp = {2009.01.05}
}

@PHDTHESIS{Schiering2006,
  author = {Ren\'e Schiering},
  title = {Cliticization and the Evolution of Morphology -- A Cross-linguistic
	Study on Phonology in Grammaticalization},
  school = {Universit\"at Konstanz},
  year = {2006},
  owner = {snordhoff},
  timestamp = {2009.01.05}
}

@INCOLLECTION{Selkirk1984,
  author = {Elisabeth Selkirk},
  title = {On the major class features and syllable theory},
  year = {1984},
  booktitle = {Language sound structure: studies in phonology presented to Morris
	Halle by his teacher and students},
  editor = {Mark Aranoff and Richard T. Oehrle},
  address = {Cambridge, Massachusetts},
  publisher = {The MIT Press},
  pages = {107--136},
  owner = {snordhoff},
  timestamp = {2009.01.05}
}

@BOOK{Trubetzkoy1939,
  author = {N. S. Trubetzkoy},
  year = {1939},
  title = {Grundz\"uge der Phonologie. (Travaux du Cercle Linguistique
	
	de Prague 7)},
  address = {Prague},
  owner = {snordhoff},
  timestamp = {2009.01.05}
}

@BOOK{Wiese1988,
  author = {Richard Wiese},
  year = {1986},
  title = {Silbische und Lexikalische Phonologie. Studien zum Chinesischen und
	Deutschen.},
  address = {T\"ubingen},
  publisher = {Niemeyer Verlag},
  owner = {snordhoff},
  timestamp = {2009.02.23}
}

@INCOLLECTION{Wright2004cues,
  author = {Richard Wright},
  title = {A review of perceptual cues and cue robustness},
  year = {2004},
  booktitle = {Phonetically--Based Phonology},
  editor = {Bruce Hayes and Robert Kirchner and Donca Steriade},
  address = {Cambridge},
  publisher = {CUP},
  owner = {snordhoff},
  timestamp = {2009.01.05}
}

@BOOK{KingstonEtAlEd1990,
  year = {1990},
  title = {Between the grammar and physics of speech},
  editor = {John Kingston and Mary E. Beckman},
  address = {Cambridge},
  publisher = {CUP},
  owner = {snordhoff},
  timestamp = {2009.02.23}
}

