@article{Hamilton1919,
	author = {A. W. Hamilton},
	journal = {Journal of the Straits Branch of the Royal Asiatic Society},
	pages = {29--38},
	title = {Hindustani, {Tamil}, {Sanskrit} and other loan words in {Malay}},
	volume = {80},
	year = {1919}
}

@article{Hoogervorst2015,
	author = {Tom G. Hoogervorst},
	journal = {Wacana},
	number = {2},
	pages = {249--283},
	title = {Tracing the linguistic  crossroads between {Malay} and {Tamil}},
	volume = {16},
	year = {2015}
}


@book{Jones2007,
	address = {Leiden},
	booktitle = {Loan-words in {Indonesian} and {Malay}},
	editor = {Russel Jones},
	publisher = {Brill},
	title = {Loan-words in {Indonesian} and {Malay}},
	year = {2007}
}
