This file was created with JabRef 1.6.
Encoding: Cp1252

