This file was created with JabRef 1.8.1.
Encoding: Cp1252

@INCOLLECTION{SchroeterEtAl2006,
  author = {Ronald Schroeter and Nicholas Thieberger},
  title = {EOPAS, the EthnoER online representation of interlinear text},
  crossref = {BarwickEtAl2006},
  pages = {99--124},
  owner = {snordhoff},
  timestamp = {2007.06.13},
}

@INCOLLECTION{Stephens2006,
  author = {Shane Stephens},
  title = {The Annodex platform},
  crossref = {BarwickEtAl2006},
  pages = {125--134},
  owner = {snordhoff},
  timestamp = {2007.06.13},
}

@BOOK{BarwickEtAl2006,
  editor = {Linda Barwick and Nicholas Thieberger},
  year = {2006},
  title = {Sustainable data from digital fieldwork},
  address = {Sidney},
  publisher = {The University of Sidney},
  owner = {snordhoff},
  timestamp = {2007.06.13},
}

