% This file was created with JabRef 2.3.1.
% Encoding: Cp1252

@ARTICLE{Amritavalli1984,
  author = {K. Amritavalli},
  year = {1984},
  title = {Anaphorization in Dravidian},
  journal = {Central Insitute for English and Foreign Languages Working Paper},
  volume = {1},
  pages = {1-31},
  owner = {ifa}
}

@INCOLLECTION{Annamalai1976,
  author = {E. Annamalai},
  title = {Standard Spoken Tamil - Some Observations},
  year = {1976},
  booktitle = {Studies in Dialectology},
  editor = {???},
  address = {Trivandrum},
  volume = {1},
  number = {2},
  owner = {snordhoff},
  yeartitle = {1976}
}

@INCOLLECTION{AnnamalaiEtAl1998,
  author = {E. Annamalai and Sanford B. Steever},
  title = {Modern Tamil},
  year = {1998},
  booktitle = {The Dravidian Languages},
  editor = {Sanford B. Steever},
  address = {London},
  publisher = {Routledge},
  pages = {100--128},
  owner = {snordhoff},
  timestamp = {2009.01.21}
}

@BOOK{Arden1934,
  author = {A. H. Arden},
  year = {1934},
  title = {A progressive grammar of common Tamil},
  publisher = {Christian Literature Society},
  edition = {4},
  note = {1st edn. 1891},
  owner = {snordhoff},
  timestamp = {2007.03.05}
}

@BOOK{Arokianathan1981,
  author = {S. Arokianathan},
  year = {1981},
  title = {Tamil clitics},
  address = {Trivandrum},
  publisher = {Dravidian Linguistics Association},
  owner = {snordhoff},
  timestamp = {2007.03.05}
}

@BOOK{Asher1982,
  author = {Ronald E Asher},
  year = {1982},
  title = {Tamil},
  address = {Amsterdam},
  publisher = {North-Holland Publishing Company},
  owner = {snordhoff},
  timestamp = {2009.04.24}
}

@BOOK{AsherEtAl2002,
  author = {R. E. Asher and E. Annamalai},
  year = {2002},
  title = {Colloquial Tamil - The complete course for beginners},
  address = {London, New York},
  publisher = {Routledge},
  owner = {ifa}
}

@ARTICLE{Balasubramanian1980,
  author = {T. Balasubramanian},
  year = {1980},
  title = {Timing in Tamil},
  journal = {Journal of Phonetics},
  volume = {8},
  pages = {449--467},
  owner = {snordhoff},
  timestamp = {2007.03.05}
}

@BOOK{Beythan1943,
  author = {Hermann Beythan},
  year = {1943},
  title = {Praktische Grammatik der Tamilsprache},
  address = {Wiesbaden},
  publisher = {Harrassowitz},
  owner = {snordhoff},
  timestamp = {2009.01.05}
}

@ARTICLE{Bonta2008,
  author = {Steven Bonta},
  year = {2008},
  title = {Negombo Fishermen's Tamil (NFT): A Sinhala Influenced Dialect from
	a Bilingual Sri Lankan Community},
  journal = {International Journal of Dravidian Linguistics},
  volume = {XXXVII},
  number = {2},
  pages = {133--140},
  owner = {snordhoff},
  timestamp = {2009.04.24}
}

@PHDTHESIS{Bonta2004,
  author = {Steven Bonta},
  title = {Negombo Fisherman's Tamil: A Case of Contact-Induced Language Change
	from Sri Lanka},
  school = {Cornell University},
  year = {2004},
  owner = {snordhoff},
  timestamp = {2009.04.24}
}

@PHDTHESIS{Steven2004,
  author = {Steven Bonta},
  title = {Negombo Fisherman's Tamil: A Case of Contact-Induced Language Change
	from Sri Lanka},
  school = {Cornell University},
  year = {2004},
  owner = {snordhoff},
  timestamp = {2009.04.24}
}

@ARTICLE{Bright1966,
  author = {William Bright},
  year = {1966},
  title = {Dravidian Metaphony},
  journal = {Language},
  volume = {42},
  number = {2},
  pages = {311-322},
  owner = {ifa}
}

@ARTICLE{GairEtAl1998,
  author = {James W. Gair and S. Suseendirarajah},
  year = {1998 [1981]},
  title = {Some Aspects of the Jaffna Verbal System},
  note = {reprinted in Gair (1998)},
  owner = {snordhoff}
}

@BOOK{GairEtAl1979textbook,
  author = {James W. Gair and W. Suseendirarajah and W. S. Karunatillake},
  year = {1979},
  title = {Spoken [Sri Lanka Jaffna] Tamil},
  address = {s.l.},
  publisher = {University of Sri Lanka Press},
  owner = {snordhoff},
  timestamp = {2009.05.15}
}

@BOOK{Gnanasundaram1980,
  author = {V. Gnanasundaram},
  year = {1980},
  title = {Standars Spoken Tamil - What and How?},
  editor = {S. Agesthaialingom and K. Karunakaran},
  publisher = {Annamalai University},
  adress = {Annamalainagar},
  owner = {snordhoff}
}

@PHDTHESIS{Keane2001,
  author = {Elinor Keane},
  title = {Echo words in Tamil},
  school = {Merton College, Oxford},
  year = {2001},
  owner = {snordhoff},
  timestamp = {2007.03.05}
}

@ARTICLE{Kuiper1962,
  author = {Kuiper, F. B. J.},
  year = {1962},
  title = {Notes on Old Tamil and Jaffna Tamil},
  journal = {Indo-Iranian Journal},
  volume = {1},
  pages = {52-64},
  owner = {ifa}
}

@BOOK{Lehmann1989,
  author = {Thomas Lehmann},
  year = {1989},
  title = {A Grammar of Modern Tamil},
  address = {Pondicherry},
  publisher = {Pondicherry Institute of Linguistics and Culture},
  owner = {snordhoff}
}

@BOOK{Malten1989,
  author = {Thomas Malten},
  year = {1989},
  title = {Reduplizierte Verbst\"amme im Tamil},
  address = {Wiesbaden},
  publisher = {Steiner Verlag},
  owner = {snordhoff},
  timestamp = {2009.01.05}
}

@BOOK{Pope1867,
  author = {G. U. Pope},
  year = {1867},
  title = {A Tamil Hand-Book: full introduction to the common dialect of that
	language},
  address = {Madras},
  publisher = {Christian Knowledge Society's press},
  owner = {snordhoff},
  timestamp = {2009.04.24}
}

@BOOK{Pope1859,
  author = {G. U. Pope},
  year = {1859},
  title = {Tamil Handbook},
  address = {Madras},
  publisher = {American Mission Press},
  note = {1st edn. 1855},
  owner = {snordhoff},
  timestamp = {2007.03.05}
}

@BOOK{Rajaraman1972,
  author = {S. Rajaraman},
  year = {1972},
  title = {Tamil Phonetic Reader},
  address = {Mysore},
  publisher = {Central Institute of Indian Languages},
  owner = {ifa}
}

@BOOK{Schiffman1999,
  author = {Harold Schiffman},
  year = {1999},
  title = {A Reference Grammar of Spoken Tamil},
  address = {Cambridge},
  publisher = {CUP},
  adress = {Cambridge},
  owner = {snordhoff}
}

@MASTERSTHESIS{Batticaloa,
  author = {K D Selvarajagopal},
  title = {tamiZHk kilLaimoZHi oliyaniyal Ayivu maTTakkaLappukkilai moZHi (Research
	on Tamil dialect phonemics: The Batticaloa Dialect)},
  school = {Vidyalankara Campus of the University of Ceylon},
  year = {1979},
  note = {Date and author are not indicated on the copy but had to be inferred.
	The copy is located at the Institut f\"ur Indologie und Tamilistik
	in Cologne},
  owner = {snordhoff}
}

@ARTICLE{Pillai1962,
  author = {{Shanmugam Pillai}},
  year = {1962},
  title = {A Tamil Dialect in Ceylon},
  journal = {Indian Linguistics},
  volume = {23},
  pages = {90-98},
  owner = {ifa}
}

@UNPUBLISHED{Pillai1986,
  author = {M. {Shanmugam Pillai}},
  title = {Tamil Dialectology},
  year = {ca. 1986},
  note = {Unpublished manuscript. Copy available at the Institute for Indian
	and Tamil Studies, University of Cologne},
  owner = {snordhoff}
}

@BOOK{Silva2003,
  author = {A. W. L. Silva},
  year = {2003},
  title = {Teach Yourself Tamil - A complete course for beginners},
  address = {Ja-Ela},
  publisher = {A. W. L. Silva},
  owner = {ifa}
}

@ARTICLE{Sridhar1978,
  author = {S. N. Sridhar},
  year = {1978},
  title = {Linguistic Convergence: Indo-Aryanization of Dravidian Languages},
  journal = {Studies in the Linguistic Sciences},
  volume = {8},
  number = {1},
  pages = {197-215},
  owner = {ifa}
}

@INCOLLECTION{Varma1972,
  author = {G. {Srinivasa Varma}},
  title = {Comparative Dialectology},
  year = {1972},
  booktitle = {Third Seminar on Dravidian Linguistics},
  editor = {S. Agesthialingom and S. V. Shanmugan},
  address = {Annamalaingar},
  publisher = {University of Annamalai},
  owner = {snordhoff}
}

@BOOK{Steever1988,
  author = {Sanford B. Steever},
  year = {1988},
  title = {The Serial Verb Formation in the Dravidian Languages},
  address = {Delhi},
  publisher = {Motilal Banarsidass},
  adress = {Delhi},
  owner = {ifa}
}

@ARTICLE{Suseendiraraja1983,
  author = {S. Suseendiraraja},
  year = {1983},
  title = {Kinship terms in Jaffna society},
  journal = {International Journal of Dravidian Linguistics},
  volume = {12},
  number = {1},
  owner = {snordhoff}
}

@ARTICLE{Suseendirarajah1973phon,
  author = {S. Suseendirarajah},
  year = {1973},
  title = {Phonology of Sri Lanka Tamil and Indian Tamil Contrasted},
  journal = {Indian Linguistics},
  volume = {34},
  number = {3},
  pages = {171-179},
  owner = {ifa}
}

@ARTICLE{Suseendirarajah1973pron,
  author = {Suseendirarajah, S.},
  year = {1973},
  title = {A study of pronouns in Batticaloa Tamil},
  journal = {Anthropological Linguistics},
  volume = {15},
  number = {4},
  pages = {172-182},
  owner = {snordhoff}
}

@PHDTHESIS{Suseendirarajah1967,
  author = {S. Suseendirarajah},
  title = {A descriptive Study of Ceylon Tamil (with Special Reference to Jaffna
	Tamil)},
  school = {Annamali University},
  year = {1967},
  owner = {ifa}
}

@INCOLLECTION{Vasanthakumari1976,
  author = {T. Vasanthakumari},
  title = {Standard Spoken Tamil},
  year = {1976},
  booktitle = {Studies in Dialectology},
  address = {Trivandrum},
  volume = {1},
  number = {1},
  owner = {snordhoff}
}

@ARTICLE{Zvelebil1960,
  author = {Kamil Zvelebil},
  year = {1960},
  title = {Dialects of Tamil III},
  journal = {Archiv Orientalni},
  volume = {28},
  owner = {snordhoff}
}

@ARTICLE{Zvelebil1959I,
  author = {Kamil Zvelebil},
  year = {1959},
  title = {Dialects of Tamil-I},
  journal = {Archiv Orientalni},
  volume = {27},
  pages = {272-317},
  owner = {snordhoff}
}

@BOOK{Zvelebil1990,
  author = {Kamil V. Zvelebil},
  year = {1990},
  title = {Dravidian Linguistics: An Introduction},
  publisher = {Pondicherry Insitute of Linguistics and Culture},
  adress = {Pondicherry},
  owner = {ifa}
}

@ARTICLE{Zvelebil1966,
  author = {Kamil V. Zvelebil},
  year = {1966},
  title = {Some Features of Ceylon Tamil},
  journal = {Indo-Iranian Journal},
  volume = {9},
  number = {2},
  pages = {113-138},
  owner = {ifa}
}

@ARTICLE{Zvelebil1959II,
  author = {Kamil V. Zvelebil},
  year = {1959},
  title = {Dialects of Tamil II-III},
  journal = {Archiv Orientalni},
  volume = {28},
  owner = {ifa}
}

@BOOK{AgesthilingomEtAl1972,
  year = {1972},
  title = {Third Seminar on Dravidian Linguistics},
  editor = {S. Agesthilingom and S. V. Shanmugan},
  address = {Annamalainager},
  publisher = {Department of Linguistics},
  abstract = {synatactical treatment of must in Dravidian Comparative in Dravidian
	origin of adjectives transitive, intransitive, causative dravidian
	and munda lg contact},
  owner = {snordhoff}
}

@BOOK{BaiEtAl1991,
  year = {1991},
  title = {Studies in Dravidian and General Linguistics: a Festschrift for Bh.
	Krishnamurti},
  editor = {B. Lakshmi Bai and R. Ramakrishnan Reddy},
  address = {Hyderabad},
  publisher = {Centre of Advanced Study in Linguistics},
  adress = {Hyderabad},
  owner = {ifa}
}

@BOOK{SubramoniamEtAl1972,
  year = {1972},
  title = {Proceedings of the First All India Conference of Dravidian Linguistics},
  editor = {V. I. Subramoniam and Elias Valentine},
  publisher = {Dravidian Linguistics Association},
  adress = {Trivandrum},
  owner = {ifa}
}

@PHDTHESIS{Jaffna,
  title = {tamiZH akaraatiyil (Tamil Lexicon) uLLa yaZHppaNac coRkaLin aayli},
  school = {ilangkaip palk laikkaZHa kattu vittiyalangkaara vaLaakattil moZHiyavil},
  note = {kiRappuk kaLaiooaTTattiR ku?ya oaTangkaLuL onNuka iv aaylukkaTTirai
	camarppikkappaTTiLLatu cuTTilakkam ilankaip palk laik kaZHikam vittiyakangkaara
	vaLaakam},
  owner = {snordhoff}
}

@PHDTHESIS{Trincomalee,
  title = {tirukooNamaLai kiLaimoZhi},
  year = {1978},
  note = {moZHiyiyalla ci?ppukkalaippaTTattiRku toortiterutta paaTangka?L o??ka
	ikkaTTirai cayarppikkappaTTinnata celvi civkaengkai kattaiyaa},
  owner = {snordhoff}
}

@BOOK{PFIC1967,
  year = {1967},
  title = {Proceedings of the First International Conference-Seminar on Tamil
	Studies},
  publisher = {International Association of Tamil Research},
  adress = {Kuala Lumpur},
  owner = {ifa}
}

@comment{jabref-meta: selector_journal:8;}

