% This file was created with JabRef 2.3.1.
% Encoding: Cp1252

@INCOLLECTION{Bhat2000,
  author = {Bhat, D.N.S.},
  title = {Word Classes and Sentential Functions},
  crossref = {ComrieEtAl2000},
  pages = {47-64}
}

@INCOLLECTION{Corbett2004,
  author = {Greville C. Corbett},
  title = {The Russian Adjective: A pervasive yet elusive category},
  crossref = {DixonEtAl2004ed},
  pages = {199--222},
  owner = {snordhoff},
  timestamp = {2006.09.25}
}

@INCOLLECTION{Croft2000,
  author = {Croft, William},
  title = {Parts of speech as language universals and as language-particular
	categories},
  crossref = {ComrieEtAl2000},
  publisher = {Mouton de Gruyter},
  pages = {47-64}
}

@INCOLLECTION{Dixon2004intro,
  author = {RMW Dixon},
  title = {Adjectival classes in typological perspective},
  crossref = {DixonEtAl2004ed},
  pages = {1--49},
  owner = {snordhoff},
  timestamp = {2006.09.25}
}

@INCOLLECTION{Enfield2004,
  author = {N. J. Enfield},
  title = {Adjectives in Lao},
  crossref = {DixonEtAl2004ed},
  pages = {323--347},
  owner = {snordhoff},
  timestamp = {2006.09.25}
}

@INCOLLECTION{Gil2000,
  author = {David Gil},
  title = {Syntactic Categories, cross-linguistic variation and universal grammar},
  crossref = {ComrieEtAl2000},
  pages = {173-216}
}

@INCOLLECTION{McLaughlin2004,
  author = {Fiona McLaughlin},
  title = {Is there an Adjective Class in Wolof?},
  crossref = {DixonEtAl2004ed},
  pages = {242--262},
  owner = {snordhoff},
  timestamp = {2006.09.25}
}

@INCOLLECTION{Mithun2000,
  author = {Marianne Mithun},
  title = {Noun and verb in Iroquoian languages:},
  crossref = {ComrieEtAl2000},
  pages = {379--420},
  owner = {snordhoff},
  timestamp = {2006.06.21}
}

@INCOLLECTION{Schachter1985,
  author = {Schachter, Paul},
  title = {Parts-of-speech Systems},
  crossref = {Shopen1985},
  pages = {3-61}
}

@INCOLLECTION{Vogel2000,
  author = {Petra M. Vogel},
  title = {Grammaticalization and part-of-speech systems},
  crossref = {ComrieEtAl2000},
  pages = {259-284}
}

@INCOLLECTION{Andrews1985,
  author = {Andrews, Avery},
  title = {The major functions of the noun phrase},
  year = {1985},
  booktitle = {Language Typology and Syntactic Description},
  editor = {Timothy Shopen},
  address = {Cambridge},
  publisher = {CUP},
  pages = {62-154},
  volume = {1}
}

@BOOK{AnsaldoBookfc,
  author = {Umberto Ansaldo},
  year = {forthcoming},
  title = {Contact languages of Asia},
  address = {Cambridge},
  publisher = {CUP},
  owner = {snordhoff},
  timestamp = {2008.01.08}
}

@INCOLLECTION{Anward2001,
  author = {Jan Anward},
  title = {Parts of Speech},
  year = {2001},
  booktitle = {Language Typology and Language Universals},
  editor = {Martin Haspelmath and Ekkehard König and Wulf Oesterreicher and Wolfgang
	Raible},
  address = {Berlin, New York},
  publisher = {de Gruyter},
  pages = {726-735},
  series = {Handbücher zur Sprach- und Kommunikationswissenschaft 20.1}
}

@ARTICLE{Anward1997,
  author = {Jan Anward and Edith Moravcsik and Leon Stassen},
  year = {1997},
  title = {Parts of speech: a challenge to typology},
  journal = {Linguistic Typology},
  volume = {1},
  pages = {167-183}
}

@ARTICLE{Auroux1988,
  author = {Sylvain Auroux},
  year = {1988},
  title = {Beauzée und die Universalität der Wortarten },
  journal = {Literaturwissenschaft und Linguistik},
  volume = {76},
  pages = {56-75}
}

@INCOLLECTION{Bach1969,
  author = {Emmon Bach},
  title = {Nouns and noun-phrases},
  year = {1969},
  booktitle = {Universals in Linguistic Theory},
  editor = {Emmon Bach and Robert T. Harms},
  address = {New York},
  publisher = {Holt, Rineheart and Winston},
  pages = {91-124}
}

@INCOLLECTION{Bach1994,
  author = {Emmon Bach},
  title = {The semantics of syntactic categories: A cross linguistic perspective},
  year = {1994},
  booktitle = {The Logical Foundations of Linuigistic Theory},
  editor = {John Macnamara and Gonzalo Reyes},
  address = {New York},
  publisher = {Oxford University Press},
  pages = {264-281}
}

@BOOK{Baker1988,
  author = {Baker, Mark},
  year = {1988},
  title = {Incorporation},
  address = {Chicago, London},
  publisher = {The University of Chicago Press}
}

@BOOK{Baker2003,
  author = {Mark Cleland Baker},
  year = {2003},
  title = {Lexical categories : verbs, nouns, and adjectives},
  address = {Cambridge},
  publisher = {CUP},
  owner = {snordhoff},
  timestamp = {2006.06.21}
}

@INCOLLECTION{Bally1926,
  author = {Bally, Charles},
  title = { {L'Expression} des {Id\'{e}es} de {Sph\`{e}re} personnelle et de
	{Solidarit\'{e}} dans les {Langues} {Indo-Europ\'{e}ennes}},
  year = {1926},
  booktitle = {Festschrift Louis Gauchat},
  editor = {F. Fankhauser and F. Jud},
  publisher = {Aarau:Sauerländer}
}

@BOOK{Beck2002,
  author = {David Beck},
  year = {2002},
  title = {The Typology of Parts of Speech Systems},
  address = {New York and London},
  publisher = {Routledge}
}

@INPROCEEDINGS{Beck1995,
  author = {David Beck},
  title = {A conceptual approach to lexical categories in Bella Coola},
  booktitle = {Papers for the 30th International Conference on Salish and Neighbouring
	Languages},
  year = {1995},
  pages = {1-17},
  month = {August},
  publisher = {University of Victoria}
}

@BOOK{Bhat1994,
  author = {Bhat, D.N.S},
  year = {1994},
  title = {The Adjectival Category: Criteria for Differentiation and Identification},
  address = {Amsterdam},
  publisher = {Benjamins}
}

@INCOLLECTION{BisangfcLAC,
  author = {Walter Bisang},
  title = {Precategoriality and argument structure in Late Archaic Chinese},
  year = {fc},
  booktitle = {Constructional approaches to language},
  editor = {Jaakko Leino},
  address = {Amsterdam \& Philadelphia},
  publisher = {Benjamins},
  owner = {snordhoff},
  timestamp = {2008.06.02}
}

@ARTICLE{Bisangfcsil,
  author = {Walter Bisang},
  year = {fc},
  title = {Precategoriality and syntax-based parts of speech},
  journal = {Studies in Language},
  volume = {32},
  number = {3},
  pages = {568--589},
  owner = {snordhoff},
  timestamp = {2008.06.24}
}

@BOOK{Boas1979,
  author = {Franz Boas and Ella Denoria},
  year = {1979},
  title = {Dakota Grammar},
  address = {Washington D.C.},
  publisher = {National Academy of Sciences},
  series = {Memoirs of the National Academy of Sciences 23}
}

@INCOLLECTION{Booij2000,
  author = {Geert Booij},
  title = {Inflection and Derivation},
  year = {2000},
  editor = {Geert Booij and Christian Lehmann and Joachim Mugdan},
  address = {Berlin, New York},
  publisher = {Walter de Gruyter},
  pages = {360-369},
  series = {Handbücher zur Sprach- und Kommunikationswissenschaft 17.1}
}

@INCOLLECTION{Bossong1992,
  author = {Georg Bossong},
  title = {Reflection on the history of the study of universals: the example
	of the partes orationis},
  year = {1992},
  booktitle = {Meaning and Grammar},
  editor = {Michel Kefer and Johan {van der Auwera}},
  address = {Berlin, New York},
  publisher = {Mouton de Gruyter}
}

@INCOLLECTION{Broschart1991,
  author = {Broschart, Jürgen},
  title = {Noun, verb and PARTICIPATION (A typology of the noun/verb distinction)},
  year = {1991},
  booktitle = {PARTIZIPATION. Das sprachliche Erfassen von Sachverhalten},
  editor = {Hansjakob Seiler and Waldfried Premper},
  address = {Tübingen},
  publisher = {Narr},
  pages = {65-137}
}

@ARTICLE{Broschart1997,
  author = {Jürgen Broschart},
  year = {1997},
  title = {Why Tongan does it diffferently},
  journal = {Linguistic Typology},
  volume = {1},
  number = {2},
  pages = {123-166}
}

@BOOK{Brondal1948,
  author = {Viggo Brøndal},
  year = {1948},
  title = {Les parties du discours. Partes orationis (\'{E}tudes sur les cat\'{e}gories
	linguistiques)},
  address = {Kopenhagen},
  publisher = {Munksgaard}
}

@ARTICLE{Clark1979,
  author = {Eve Clark and Herbert Clark},
  year = {1979},
  title = {When nouns surface as verbs},
  journal = {Language},
  volume = {55},
  pages = {767-811}
}

@ARTICLE{Croft2005,
  author = {Willilam Croft},
  year = {2005},
  title = {Word classes, parts of speech, and syntactic argumentation},
  journal = {Linguistic typology},
  volume = {9},
  number = {3},
  pages = {431--441},
  owner = {snordhoff},
  timestamp = {2006.07.03}
}

@BOOK{Croft1991,
  author = {William Croft},
  year = {1991},
  title = {Syntactic Categories and Grammatical Relations: The Cognitive Organization
	of Information},
  address = {Chicago},
  publisher = {University of Chicago Press}
}

@ARTICLE{Croft1990,
  author = {William Croft},
  year = {1990},
  title = {A conceptual framework for grammatical categories},
  journal = {Journal of Semantics},
  volume = {7},
  pages = {245-280}
}

@ARTICLE{Crystal1967,
  author = {Crystal},
  year = {1967},
  title = {Word Classes in English},
  journal = {Lingua},
  volume = {67},
  pages = {24-56}
}

@ARTICLE{Dixon1977,
  author = {Dixon, R.M.W.},
  year = {1977},
  title = {Where have all the adjectives gone?},
  journal = {Studies in Language},
  volume = {1},
  pages = {19-80}
}

@INCOLLECTION{Evans2000,
  author = {Nick Evans},
  title = {Word Classes in the World's languages},
  year = {2000},
  booktitle = {Morphology},
  editor = {Geert Booij and Christian Lehmann and Joachim Mugdan},
  address = {Berlin and New York},
  publisher = {Walter de Gruyter},
  pages = {708-731},
  series = {Handbücher zur Sprach- und Kommunikationswissenschaft 17.1}
}

@ARTICLE{EvansEtAl2005,
  author = {Nicholas Evans and Toshiki Osada},
  year = {2005},
  title = {Mundari: The myth of a language without word classes},
  journal = {Linguistic typology},
  volume = {9},
  number = {3},
  pages = {351-390},
  owner = {snordhoff},
  timestamp = {2006.07.03}
}

@ARTICLE{EvansEtAl2005commentary,
  author = {Nicholas Evans and Toshiki Osada},
  year = {2005},
  title = {Mundari and argumentation in word-class analysis},
  journal = {Linguistic typology},
  volume = {9},
  number = {3},
  pages = {442--457},
  owner = {snordhoff},
  timestamp = {2006.07.03}
}

@ARTICLE{Gil1994Riau,
  author = {David Gil},
  year = {1994},
  title = {The Structure of Riau Indonesian},
  journal = {Nordic Journal of Linguistics},
  volume = {17},
  pages = {179--200},
  owner = {snordhoff},
  timestamp = {2008.01.08}
}

@ARTICLE{Gross1979,
  author = {Maurice Gross},
  year = {1979},
  title = {On the failure of generative grammar},
  journal = {Language},
  volume = {55},
  pages = {859-885},
  owner = {snordhoff},
  timestamp = {2006.06.21}
}

@INCOLLECTION{Hengeveld1992pos,
  author = {Kees Hengeveld},
  title = {Parts of speech},
  year = {1992},
  booktitle = {Layered Structure and Reference in a Functional Perspective},
  editor = {Michael Fortescue and Peter Harder and Lars Kristoffersen},
  address = {Amsterdam},
  publisher = {Benjamins},
  pages = {29-56}
}

@INCOLLECTION{Hengeveld1992nvpmng,
  author = {Kees Hengeveld},
  title = {Non-verbal predicability},
  year = {1992},
  booktitle = {Meaning and Grammar},
  editor = {Michel Kefer and Johan {van der Auwera}},
  address = {Berlin, New York},
  publisher = {Mouton de Gruyter},
  pages = {77-94}
}

@BOOK{Hengeveld1992nvpttd,
  author = {Kees Hengeveld},
  year = {1992},
  title = {Non-verbal Predication: Theory, Typology, Diachrony},
  address = {Berlin},
  publisher = {Mouton de Gruyter}
}

@ARTICLE{HengeveldEtAl2008sil,
  author = {Kees Hengeveld and Eva {van Lier}},
  year = {2008},
  title = {Parts of speech and dependent clauses in Functional Discourse Grammar},
  journal = {Studies in Language},
  volume = {32},
  number = {3},
  owner = {snordhoff},
  timestamp = {2007.03.09}
}

@ARTICLE{HengeveldEtAl2005,
  author = {Kees Hengeveld and Jan Rijkhoff},
  year = {2005},
  title = {Mundari as a flexible language},
  journal = {Linguistic typology},
  volume = {9},
  number = {3},
  pages = {406--431},
  owner = {snordhoff},
  timestamp = {2006.07.03}
}

@ARTICLE{HengeveldEtAl2004,
  author = {Kees Hengeveld and Jan Rijkhoff and Anna Siewierska},
  year = {2004},
  title = {Part-of-Speech Systems and Word Order},
  journal = {Journal of Linguistics},
  volume = {40},
  number = {3},
  pages = {527-570}
}

@INCOLLECTION{HopperEtAl1985,
  author = {P.J. Hopper and S.A. Thompson},
  title = {The iconicity of the universal categories ``noun'' and ``verb''},
  year = {1985},
  booktitle = {Iconicity in Syntax},
  editor = {John Haiman},
  address = {Amsterdam},
  publisher = {Benjamins},
  pages = {151-186}
}

@ARTICLE{HopperEtAl1984,
  author = {P.J. Hopper and S.A. Thompson},
  year = {1984},
  title = {The Discourse Basis for Lexical Categories and Universal Grammar},
  journal = {Language},
  volume = {60},
  pages = {703-752},
  address = {Baltimore},
  publisher = {Waverley}
}

@INCOLLECTION{Kaltz2000,
  author = {Barbara Kaltz},
  title = {Wortartensysteme in der Linguistik},
  year = {2000},
  booktitle = {Morphology},
  editor = {Geert Booij and Christian Lehmann and Joachim Mugdan},
  address = {Berlin and New York},
  publisher = {Walter de Gruyter},
  pages = {693-707},
  series = {Handbücher zur Sprach- und Kommunikationswissenschaft 17.1}
}

@INCOLLECTION{Knobloch2000,
  author = {Clemens Knobloch and Burkhard Schrader},
  title = {Kriterien für die Definition von Wortarten},
  year = {2000},
  booktitle = {Morphology},
  editor = {Geert Booij and Christian Lehmann and Joachim Mugdan},
  address = {Berlin and New York},
  publisher = {Walter de Gruyter},
  pages = {674-692},
  series = {Handbücher zur Sprach- und Kommunikationswissenschaft 17.1}
}

@ARTICLE{Kuipers1968,
  author = {Aert H. Kuipers},
  year = {1968},
  title = {The categories verb-noun and transitive-intransitive in English and
	Squamish},
  journal = {Lingua},
  volume = {21},
  pages = {610-626}
}

@ARTICLE{Langacker1987,
  author = {Ronald W. Langacker},
  year = {1987},
  title = {Nouns and verbs},
  journal = {Language},
  volume = {63},
  pages = {53-94}
}

@BOOK{Launey1994,
  author = {Michel Launy},
  year = {1994},
  title = {Une grammaire omnipredicative: Essai sur la morphosyntaxe du nahuatl
	classique},
  address = {Paris},
  publisher = {Editions CNRS}
}

@ARTICLE{Lazard1984,
  author = {Gilbert Lazard},
  year = {1984},
  title = {La distinction entre nom et verbe en morphologie et en syntaxe},
  journal = {Mod\`{e}les linguistiques},
  pages = {29-39}
}

@CONFERENCE{Lehmann2006pos,
  author = {Christian Lehmann},
  title = {Roots, stems and word classes},
  year = {2006},
  note = {Paper presented at the conference Universality and Particularity
	in Parts-of-Speech Systems, Amsterdam, June 8-10 2006},
  owner = {snordhoff},
  timestamp = {2006.06.21}
}

@INCOLLECTION{Lyons1989,
  author = {John Lyons},
  title = {Syntactic Ascent: a neglected aspect of syntactic typology},
  year = {1989},
  booktitle = {Essays on grammatical theory and universal grammar},
  editor = {Arnold, D.},
  address = {Oxford},
  publisher = {Claredon Press},
  pages = {153-186}
}

@ARTICLE{Lyons1966,
  author = {John Lyons},
  year = {1966},
  title = {Towards a notional theory of parts of speech},
  journal = {Journal of Linguistics},
  volume = {2},
  pages = {209-236}
}

@ARTICLE{Peterson2005,
  author = {John Peterson},
  year = {2005},
  title = {There's a grain of truth in every "myth", or, Why the discussion
	of
	
	lexical classes in Mundari isn't quite over yet},
  journal = {Linguistic Typology},
  volume = {9},
  pages = {391--441},
  owner = {snordhoff},
  timestamp = {2008.06.24}
}

@ARTICLE{Plank1984,
  author = {Frans Plank},
  year = {1984},
  title = {24 grundsätzliche Bemerkungen zur Wortartenfrage},
  journal = {Leuvense Bijdragen},
  volume = {73},
  pages = {489-520}
}

@INCOLLECTION{Premper2001,
  author = {Premper, Waldfried},
  title = {Universals of the linguistic representations of situation (`participation')},
  year = {2001},
  booktitle = {Language Typology and Language Universals},
  editor = {Martin Haspelmath},
  address = {Berlin, New York},
  publisher = {de Gruyter},
  pages = {477-495},
  series = {Handbücher zur Sprach- und Kommunikationswissenschaft 20}
}

@ARTICLE{Robins1966,
  author = {R.H. Robins},
  year = {1966},
  title = {The development of the word class system of the European grammatical
	tradition},
  journal = {Foundations of Language},
  volume = {2},
  pages = {3-19}
}

@ARTICLE{Robins1952,
  author = {R.H. Robins},
  year = {1952},
  title = {Noun and verb in universal grammar},
  journal = {Language},
  volume = {28},
  pages = {289-298}
}

@INCOLLECTION{Ross1973,
  author = {John Robert Ross},
  title = {Nouniness},
  year = {1973},
  booktitle = {Three Dimensions of Linguistic Theory},
  editor = {Osamu Fujimura},
  address = {Tokyo},
  publisher = {TEC},
  pages = {137-257}
}

@INPROCEEDINGS{Ross1972,
  author = {John Robert Ross},
  title = {The Category Squish: Endstation Hauptwort},
  booktitle = {Papers from the Eighth Regional Meeting},
  year = {1972},
  editor = {Paul M. Peranteau and Judith N. Levi and Gloria C. Phares},
  number = {2},
  pages = {316-339},
  address = {Chicago},
  month = {April},
  publisher = {Chicago Linguistic Society}
}

@INCOLLECTION{Sasse2001,
  author = {Hans-Jürgen Sasse},
  title = {Scales between nouniness and verbiness},
  year = {2001},
  booktitle = {Language Typology and Language Universals},
  editor = {Haspelmath et al., Martin},
  publisher = {de Gruyter},
  pages = {495-509},
  volume = {20.1},
  series = {HSK},
  chapter = {VII},
  optaddress = {Berlin, New York}
}

@INCOLLECTION{Sasse1993consitution,
  author = {Hans-Jürgen Sasse},
  title = {Predication and sentence constitution in universal perspective},
  year = {1991},
  booktitle = {Semantic Universals and Universal Semantics},
  editor = {Zaefferer, Dietmar},
  address = {Berlin},
  publisher = {Mouton de Gruyter},
  pages = {75-95}
}

@ARTICLE{Sasse1993nomen,
  author = {Hans-Jürgen Sasse},
  year = {1993},
  title = {Das Nomen -- eine universale Kategorie?},
  journal = {Sprachtypologie und Universalienforschung},
  volume = {46},
  pages = {187-221}
}

@INCOLLECTION{Sasse1993hsk,
  author = {Hans-Jürgen Sassse},
  title = {Syntactic Categories and Subcategories},
  year = {1995},
  booktitle = {Syntax},
  editor = {Jacobs, J.},
  address = {Berlin, New York},
  publisher = {de Gruyter},
  pages = {75-95},
  series = {Handbücher zur Sprach- und Kommunikationswissenschaft 9.1}
}

@INPROCEEDINGS{Shkarban1992,
  author = {Lina Shkarban},
  title = {Syntactic aspects of part-of-speech typology},
  booktitle = {Syntactic aspects of part-of-speech typology},
  year = {1992},
  editor = {S. Luksaneeyanawin},
  volume = {1},
  pages = {261-275}
}

@BOOK{Shopen1985,
  author = {Timothy Shopen},
  year = {1985},
  title = {Language typology and syntactic description},
  address = {Cambridge},
  publisher = {CUP},
  owner = {snordhoff}
}

@CONFERENCE{Smit2006,
  author = {Niels Smit},
  title = {Intermediate PoS-systems - Clues from derivational morphology},
  year = {2006},
  note = {Talk given at the conference "Universality and Particularity of Parts-of-Speech
	systems", Amsterdam, June 2006},
  owner = {snordhoff},
  timestamp = {2007.03.09}
}

@ARTICLE{Smit2007,
  author = {Niels Smit},
  year = {2006},
  title = {Dynamic perspectives on lexical categorisation},
  journal = {ACLC Working Papers},
  volume = {1},
  owner = {snordhoff},
  timestamp = {2007.04.19}
}

@ARTICLE{Tchekhoff1984,
  author = {Claude Tchekhoff},
  year = {1984},
  title = {Une langue sans opposition verbo-nominale: le tongien},
  journal = {Mod\`{e}les linguistiques},
  volume = {6},
  pages = {125-132}
}

@INCOLLECTION{Thompson1984,
  author = {Sandra Thompson},
  title = {A discourse approach to the cross-linguistic category ''adjective''},
  year = {1984},
  booktitle = {Explaining Language Universals},
  editor = {John A. Hawkins},
  address = {Oxford},
  publisher = {Blackwell},
  pages = {167-185}
}

@ARTICLE{Uhlenbeck1917,
  author = {C. C. Uhlenbeck},
  year = {1917},
  title = {Het identificeerend karakter in der possessieve flexie in talen van
	Noord-Amerika},
  journal = {Verslagen en Mededeelingen der Koninkllijke Akademie van Wetenschapen},
  pages = {82-86}
}

@ARTICLE{Wald1971,
  author = {Lucia Wald},
  year = {1971},
  title = {On the formation of the opposition between noun and verb},
  journal = {Linguistics},
  volume = {67},
  pages = {83-90}
}

@INCOLLECTION{Walsh1996,
  author = {Michael Walsh},
  title = {Vouns \& Nerbs: A Category Squish in Murrinh-Patha},
  year = {1996},
  booktitle = {Studies in Kimberley Languages in honor of Howard Coate},
  editor = {William McGregor},
  address = {München},
  publisher = {LINCOM},
  pages = {227-252}
}

@BOOK{Walter1981,
  author = {Heribert Walter},
  year = {1981},
  title = {Studien zur Nomen-Verb-Distinktion aus typologischer Sicht},
  address = {München},
  publisher = {Fink}
}

@INCOLLECTION{Wetzer1992,
  author = {Harrie Wetzer},
  title = {`Nouny' and `verby' adjectivals: A typology of predicative adjectival
	constructions},
  year = {1992},
  booktitle = {Meaning and Grammar: Cross-linguistic Perspectives},
  editor = {Michel Kefer and Johan {van der Auwera}},
  address = {Berlin},
  publisher = {Mouton de Gruyter},
  pages = {223-262}
}

@BOOK{Wetzer1996,
  author = {Harrie Wetzer},
  year = {1996},
  title = {The Typology of Adjectival Predication},
  address = {Amsterdam},
  publisher = {Benjamins}
}

@ARTICLE{Whorf1945,
  author = {Benjamin Whorf},
  year = {1945},
  title = {Grammatical categories},
  journal = {Language},
  volume = {21},
  pages = {1-11}
}

@INCOLLECTION{Wierz2000,
  author = {Anna Wierzbicka},
  title = {Lexical prototypes as a universal basis for cross-linguistic identificartion
	of ``parts-of-speech''},
  year = {2000},
  booktitle = {Approaches to the Typology of Word Classes},
  editor = {Bernard Comrie and Petra M. Vogel},
  address = {Berlin},
  publisher = {Mouton de Gruyter},
  pages = {47-64}
}

@INCOLLECTION{Wierz1995,
  author = {Anna Wierzbicka},
  title = {Adjectives vs. verbs: The iconicity of part-of-speech membership},
  year = {1995},
  booktitle = {Syntactic Iconicity and Linguistic Freezes},
  editor = {Marge E. Landsberg},
  address = {Berlin},
  publisher = {Mouton de Gruyter},
  pages = {223-246}
}

@ARTICLE{Wierz1986,
  author = {Anna Wierzbicka},
  year = {1986},
  title = {What's in a noun (Or: How do nouns differ in meaning from adjectives?)},
  journal = {Studies in Language},
  volume = {10},
  pages = {353-389}
}

@BOOK{Wierz1985,
  author = {Anna Wierzbicka},
  year = {1985},
  title = {Lexicography and Conceptual Analysis},
  address = {Ann Arbor},
  publisher = {Karoma}
}

@BOOK{ComrieEtAl2000,
  year = {2000},
  title = {Approaches to the Typology of Word Classes},
  editor = {Bernard Comrie and Petra Vogel},
  address = {Berlin and New York},
  publisher = {Mouton de Gruyter},
  owner = {snordhoff},
  timestamp = {2005.10.26}
}

@BOOK{DixonEtAl2004ed,
  year = {2004},
  title = {Adjective classes : a cross-linguistic typology},
  editor = {R.M.W. Dixon and Alexandra Y. Aikhenvald},
  address = {Oxford},
  publisher = {OUP},
  owner = {snordhoff},
  timestamp = {2006.07.03}
}

