% This file was created with JabRef 2.3.1.
% Encoding: Cp1252

@INCOLLECTION{Dahlstrom1983,
  author = {Amy Dahlstrom},
  title = {Agent-Patient Languages and Split Case Marking Systems},
  crossref = {DahlstromEtAl1983},
  pages = {37-46},
  owner = {snordhoff}
}

@INCOLLECTION{DeLancey1985,
  author = {Scott DeLancey},
  title = {On active typology and the nature of agentivity},
  crossref = {Plank1985},
  pages = {47-60},
  owner = {snordhoff}
}

@INCOLLECTION{Merlan1985,
  author = {Francesca Merlan},
  title = {Split Intransitivity: functional oppositions in intransitive inflection},
  crossref = {Nichols1985},
  pages = {324-362},
  owner = {snordhoff}
}

@INCOLLECTION{PayneEtAl1994,
  author = {Doris Payne and Mitsuyo Hamaya and Peter Jacobs},
  title = {Active, inverse and passive in Maasai},
  crossref = {Givon1994},
  booktitle = {Voice and Inversion},
  pages = {283-316},
  owner = {snordhoff},
  timestamp = {2005.10.24}
}

@ARTICLE{Dixon1979,
  author = {Richard M. W. Dixon},
  year = {1979},
  title = {Ergativity},
  journal = {Language},
  volume = {55},
  number = {1},
  pages = {59-138},
  owner = {snordhoff}
}

@PHDTHESIS{Durie1984,
  author = {Mark Durie},
  title = {A grammar of Acehnese},
  school = {Australian National University},
  year = {1984},
  owner = {snordhoff}
}

@ARTICLE{Klimov1974,
  author = {G. A. Klimov},
  year = {1974},
  title = {On the Character of Languages of Active Typology},
  journal = {Linguistics: An Interdisciplinary Journal of the Language Sciences},
  volume = {131},
  pages = {11-25},
  owner = {snordhoff}
}

@ARTICLE{Mithun1991,
  author = {Mithun, Marianne},
  year = {1991},
  title = {Active/Agentive Case Marking and Its Motivations},
  journal = {Language},
  volume = {67},
  pages = {510-546},
  address = {Baltimore},
  publisher = {Waverley}
}

@INCOLLECTION{Primus1995,
  author = {Primus, B.},
  title = {Relational Typology},
  year = {1995},
  booktitle = {Syntax( =HSK9.1.)},
  editor = {Jacobs, J.},
  address = {Berlin, New York},
  publisher = {de Gruyter},
  pages = {1099-}
}

@BOOK{Primus1999,
  author = {Primus, Beatrice},
  year = {1999},
  title = {Case and Thematic Roles ( =Linguistische Arbeiten 393)},
  address = {Tübingen},
  publisher = {Niemeyer}
}

@BOOK{DahlstromEtAl1983,
  year = {1983},
  title = {Proceedings of the Ninth Annual Meeting of the Berkeley Linguistics
	Society},
  editor = {Amy Dahlstrom and Claudia Brugman},
  address = {Berkeley},
  publisher = {Berkeley Linguistics Society},
  owner = {snordhoff}
}

@BOOK{DonohueEtAlEd2008,
  year = {2008},
  title = {The typology of semantic alignment},
  editor = {Mark Donohue and S\oren Wichmann},
  address = {Oxford},
  publisher = {OUP},
  owner = {snordhoff},
  timestamp = {2009.05.27}
}

@BOOK{DonohueEtAl2006,
  year = {to appear},
  title = {The Typology of Semantic Alignment Systems},
  editor = {Mark Donohue and {S\o ren} Wichmann},
  address = {Oxford},
  publisher = {OUP},
  owner = {snordhoff},
  timestamp = {2006.02.13}
}

@BOOK{Givon1994,
  year = {1994},
  title = {Voice and Inversion},
  editor = {Talmy Givón},
  address = {Amsterdam and Philadelphia},
  publisher = {John Benjamins},
  owner = {snordhoff},
  timestamp = {2005.10.24}
}

@BOOK{Nichols1985,
  year = {1985},
  title = {Grammar inside and outside the clause},
  editor = {Johanna Nichols and Anthony C. Woodbury},
  address = {Cambridge},
  publisher = {CUP},
  abstract = {merlan, voice relational typology},
  owner = {snordhoff}
}

@BOOK{Plank1985,
  year = {1985},
  title = {Relational Typology},
  editor = {Frans Plank},
  address = {Berlin, New York, Amsterdam},
  publisher = {Mouton},
  owner = {snordhoff}
}

