This file was created with JabRef 1.8.1.
Encoding: Cp1252

@INCOLLECTION{Claudi1991,
  author = {Ulrike Claudi and Daniela Mendel},
  year = {1991},
  title = {Noun/verb distinction in Egyptian Coptic and Mande: A grammaticalization
	perspective},
  pages = {31-53},
  editor = {Ulrike Claudi and Daniela Mendel},
  booktitle = {Gedenkschrift Peter Behrens},
  number = {Sondernummer 1991},
  series = {Afrikanistische Papiere},
  address = {Köln},
  publisher = {Institut für Afrikanistik},
}

@BOOK{HeineEtAl1991,
  author = {Bernd Heine and Ulrike Claudi and Friederike Hünnemeyer},
  year = {1991},
  title = {Grammaticalization - A Conceptual Framework},
  address = {Chicago},
  publisher = {The Chicago University Press},
  owner = {snordhoff},
}

@BOOK{HeineEtAl2002,
  author = {Bernd Heine and Tania Kuteva},
  year = {2002},
  title = {World lexicon of grammaticalization},
  address = {Cambridge},
  publisher = {CUP},
  owner = {snordhoff},
}

@BOOK{HopperTraugott2003,
  author = {Paul Hopper and Elizabeth Traugott},
  year = {2003},
  title = {Grammaticalization},
  address = {Cambridge},
  publisher = {CUP},
  edition = {2},
  owner = {snordhoff},
  timestamp = {2008.10.02},
}

@BOOK{Penny2000,
  author = {Ralph Penny},
  year = {2000},
  title = {Variation and change in Spanish},
  address = {Cambridge},
  publisher = {CUP},
  owner = {snordhoff},
  timestamp = {2008.10.02},
}

@BOOK{RobertsEtAl2003,
  author = {Ian Roberts and Anna Roussou},
  year = {Handbücher zur Sprach- und Kommunikationswissenschaft},
  title = {Syntactic Change - A Minimalist Approach to Grammaticalization},
  address = {Cambridge},
  publisher = {CUP},
  owner = {snordhoff},
}

@BOOK{TraugottEtAl1991,
  author = {Traugott, Elizabeth C. and Heine, Bernd},
  year = {1991},
  title = {Approaches to Grammaticalization},
  publisher = {John Benjamins},
  owner = {ifa},
}

@BOOK{Hickey2003,
  year = {2003},
  editor = {Raymond Hickey},
  title = {Motives for Language Change},
  address = {Cambridge},
  owner = {snordhoff},
}

