@BOOK{Ayala93,
AUTHOR = {Ayala, J.V.},
TITLE  = {Gram\'{a}tica Guaran\'{\i}},
YEAR={1993},
publisher = {},
}

@Article{Bareiro86,
author = {Bareiro Saguier, Ruben},
title = {La numeración en Guaraní},
journal = {Amerindia},
year = {1986},
volume = {11},
pages = {145-154},
}



@Article{Bossong80,
author = {Georg Bossong},
title = {Syntax und Semantik der Fundamentalrelation - Das Guaran\'\i als Sprache des aktiven Typus},
journal = {Lingua},
year = {1980},
volume = {50},
pages = {359-379},
}




@InCollection{Bossong85,
author = {Georg Bossong},
title = {Markierung von Aktantenfunktionen im Guaran\'\i:Zur Frage der differentiellen Objektmarkierung in nicht-akkusativischen Sprachen},
booktitle = {Relational Typology},
pages = {1-29},
publisher = {Mouton},
year = {1985},
editor = {Frans Plank},
address = {Berlin et al.},
}

@InCollection{Damaso01,
author = {D\'amaso Vieira, M\'arcia},
TITLE = {A natureza transitiva das sentenças possessivas em Mby\'a-Guarani},
editor={Queixal\'{o}s,S.},
booktitle = {Des noms et des verbes en  tupi-guarani},
series = {LINCOM Studies in Native American Linguistiscs},
publisher = {Lincom},
address = {München},
year = {2001},
pages = {67-86},
}

@Book{Deguarania92,
author = {Felix de Guarania},
title = {Curso Pr\'actico de Idioma Guarani},
publisher = {CEP},
year = {1992},
address = {Asunci\'on},
}

@Article{Dessaint80,
author = {Ruben {Bareiro Saguer} and Michel Dessaint},
title = {Esbozo del sistema lingüístico del guaraní paraguayo},
journal = {\~Nemit\~y},
year = {1980},
volume = {5},
pages = {13-22},
}

@Article{Dietrich77,
author = {Wolf Dietrich},
title = {Las categorias verbales (partes de la oraci\'on) en tup\'{\i}-guaran\'{\i}},
journal = {Indiana},
year = {1977},
volume = {4},
pages = {245-263},
}

@InCollection{Dietrich01,
author = {Dietrich, Wolf},
TITLE = {Categorias lexicais nas l\'{\i}nguas tupi-guarani},
editor={Queixal\'{o}s,S.},
booktitle = {Des noms et des verbes en  tupi-guarani},
series = {LINCOM Studies in Native American Linguistiscs},
publisher = {Lincom},
address = {München},
year = {2001},
pages = {21-37},
}

@InProceedings{Dietrich2000,
author = {Wolf Dietrich},
title = {El problema de la categoría del adjetivo en las lenguas tupí-guaraníes},
booktitle = {Ensayos sobre lenguas indígenas de las tierras bajas de Sudamérica. Contribuciones al 49º Congreso Internacional de Americanistas en Quito 1997},
pages = {255-263},
year = {2000},
editor = {Hein {van der Voort} and Simon {van de Kerke}},
address = {Leiden},
publisher = {CNWS},
}

@InCollection{Dietrich2000HSK,
author = {Wolf Dietrich},
title = {Das Studium der Eingeborenensprachen Südamerikas: Guarani},
booktitle = {Geschichte der Sprachwissenschaften},
pages = {960-966},
publisher = {Walter de Gruyter},
year = {2000},
editor = {Sylvain Auroux and E. F. K. Koerner and Hans-Josef Niederehe and Kees Verstegh},
series = {HSK18.1},
address = {Berlin, New York},
}


@InCollection{Dietrich2001:historia,
author = {Wolf Dietrich},
title = {Zum historischen Sprachkontakt in Paraguay: Spanische Einflüsse im Guaraní, Guaraní-Einflüsse im regionalen Spanisch},
booktitle = {Sprachkontakt und Sprachvergleich},
pages = {53-73},
publisher = {Nodus},
year = {2001},
editor = {Gerda Haßler},
address = {Münster},
}


@Article{Dooley82,
author = {Dooley, Robert A.},
title = {Options in the pragmatic structuring of Guaraní sentences },
journal = {Language},
year = {1982},
volume = {58},
number = {2},
}

@Book{Galeano99,
author = {David A. {Galeano Olivera}},
title = {Diferencias Gramaticales entre el Guarani y el castellano: estudio contrastivo y su incidencia en la educaci\'on},
year = {1999},
address = {Asunci\'on},
}

@Book{Galeano02,
author = {David A. {Galeano Olivera}},
title = {Guarani \~Ne'\~ekuaaty- Lingüística (en) Guarani},
year = {2002},
address = {Asunci\'on},
}

@Book{Gatti85,
author = {Carlos Gatti},
title = {Enciclopedia Guarani-Castellano de ciencias naturales y conococimientos paraguayos},
publisher = {Arte Nuevo Editores},
year = {1985},
address = {Asunci\'on},
}


@Article{Gilberto83,
author = {Gilberto de León, Olver},
title = {Literatura guaraní del Paraguay},
journal = {Cuadernos hispanoamericanos },
year = {1983},
pages = {167-},
}

@Book{Gonzalez72,
author = {Dionisio M. {Gonzalez Torres}},
title = {O Guarani},
year = {1972},
address = {Asunci\'on},
}

@BOOK{Gregores67,
AUTHOR = {E. Gregores and J. Su\'{a}rez},
TITLE  = {A Decription of Colloquial Guarani},
PUBLISHER = {Mouton und Co.},
ADDRESS = {Den Haag, Paris} ,
YEAR={1967}
}

@BOOK{Guasch76,
AUTHOR = {P.A. Guasch},
TITLE  = {El idioma Guaran\'{\i}},
PUBLISHER = {Loyola},
address = {Asunci\'{o}n},
YEAR={1976}
                }

@BOOK{Guasch97,
AUTHOR = {P.A. Guasch},
TITLE  = {El idioma Guaran\'{\i}},
PUBLISHER = {CEPAG},
address = {Asunci\'{o}n},
YEAR={1997}
                }


@BOOK{Guasch01,
AUTHOR = {P.A. Guasch and P.D. Ortiz},
TITLE  = {Diccionario Guaran\'{\i}-Castellano Castellano-Guaran\'{\i}},
PUBLISHER = {CEPAG},
address = {Asunci\'{o}n},
YEAR={2001},
edition={7},
                }
		
@Article{Jensen98,
author = {Cheryl Jensen},
title = {The use of coreferential and reflexive markers in Tupi-Guarani languages},
journal = {The Journal of Amazonian Languages},
year = {1998},
volume = {1},
number = {2},
pages = {1-49},
month = {March},
}

@Book{KdC2001,
author = {Natalia {Krivoshein de Canese} and Feliciano {Acosta Alcaraz}},
title = {Gram\'atica Guarani},
publisher = {CEPAG},
year = {2001},
series = {\~Nemit\~y},
address = {Asunci\'on},
}

@Book{KdCsa,
author = {Natalia {Krivoshein de Canese}},
title = {\~Nemit\~y},
publisher = {Universidad Cat\'olica},
year = {s.a.},
address = {Asunci\'on},
}

@Article{Liuzzi89,
author = {Silvio Liuzzi and Pablo Kirtchuk},
title = {Tiempo y aspecto en Guaran\'{\i}},
journal = {Amerindia},
year = {1989},
volume = {14},
pages = {9-44},
}

@Book{Lustig96,
author = {Wolf Lustig},
title = {Guarani für Paraguay - Wort für Wort},
publisher = {Reise Know-how Verlag Peter Rump},
year = {1996},
address = {Bielefeld},
}


@Book{Melia97,
author = {Bartomeu Meli\`a and Luis Farr\'e and Alfonso P\'erez},
title = {El guaran\'{\i} a su alcance},
publisher = {CEPAG},
year = {1997},
address = {Asunci\'on},
}

@Article{Mithun91,
author = {Mithun, Marianne},
title = {Active/Agentive Case Marking and Its Motivations},
journal = {Language},
year = {1991},
volume = {67},
pages = {510-546},
publisher={Waverley},
address = {Baltimore}
}


@Article{Odena22,
author = {\'{O}dena, Ernesto León},
title = {The Death of Aña: A Guaraní Legend},
journal = {Inter-America},
year = {1922},
volume = {6},
number = {2},
}

@InCollection{Payne94,
author = {Payne, Doris},
title = {The Tupi-Guarani Inverse},
booktitle = {Voice, Form and Function},
publisher = {Benjamins},
address = {Amsterdam, Philadelphia},
year = {1994},
pages = {313-340},
editor = {B. Fox and J. Hopper},
}

@Book{Osuna50,
author = {A. {Jover Peralta} and Tomas Osuna},
title = {Diccionario Guarani -  espa\~nol espa\~nol - guarani - \~Ne'\~enguer\u{\i}r\'u ava\~ne'\~e - carai\~ne'\~e carai\~ne'\~e - ava\~ne'\~e},
publisher = {Linotipia L\'opez},
year = {1950},
address = {Buenos Aires},
}



@InCollection{Primus95,
author = {Primus, B.},
title = {Relational Typology},
booktitle = {Syntax( =HSK9.1.)},
editor = {Jacobs, J.},
pages = {1099-},
publisher = {de Gruyter},
year = {1995},
volume = {},
address = {Berlin, New York},
}

@Book{Primus99,
author = {Beatrice Primus},
title = {Case and Thematic Roles},
publisher = {Niemeyer},
year = {1999},
series = {( =Linguistische Arbeiten 393)},
address = {Tübingen},
}

@Book{Riart97,
author = {Gustavo Adolfo Riart},
title = {\~Ne'\^e rape},
publisher = {El Lector},
year = {1997},
address = {Asunci\'on},
}

@InCollection{Ringmacher88,
author = {Manfred Ringmacher},
title = {Guaran\'\i-Typologie: Aktivisch oder wie sonst?},
booktitle = {Energeia und Ergon},
pages = {141-159},
publisher = {Gunter Narr},
year = {1988},
editor = {Jörn Albrecht and Jens Lüdtke and Harald Thun},
volume = {I},
address = {Tübingen},
}


@Article{Rosbottom61,
author = {Rosbottom, Harry},
title = {Different-Level Tense Markers in Guarani },
journal = {International Journal of American Linguistics },
year = {1961},
pages = {345-},
note = {ACHTUNG, bolivianisches Guarani!!!}
}




@Book{Ruiz72,
author = {Bersabe Ruiz},
title = {Guarani I},
publisher = {CCPA},
year = {1972},
address = {Asunci\'on},
}

@PhdThesis{Schleicher98,
author = {Schleicher, Charles Owen},
title = {Comparative And Internal Reconstrution of the Tupi-Guarani Language Family},
school = {University of Wisonsin - Madison},
year = {1998},
address = {Ann Arbor},
}


@Article{Seybold1895,
author = {Seybold, Fr.},
title = {Linguae Guarani grammatica et Lexicon Hispano-Guarani},
journal = {Zeitschrift für Ethnologie },
year = {1895},
pages = {38-},
}

@Article{SL51,
author = {S. L.},
title = {Grammaire et dictionnaire guarani },
journal = {Société des américanistes, Journal },
year = {1951},
Volume = {2},
pages = {255},
}




@InCollection{Sonntag2000,
author = {Eric Sonntag},
title = {Die Theorie der Verbalkategorien und die Wortklassen des Guarani},
booktitle = {Linguistica Romana et Indiana - Festschrift für Wolf Dietrich},
pages = {583-600},
publisher = {Gunter Narr},
year = {2000},
editor = {Bruno Staib},
address = {Tübingen},
}

@InCollection{Thun2000,
author = {Harald Thun},
title = {\glq Inklusiv\grq{ } und \glq exklusiv\grq{ } im Guarani},
booktitle = {Linguistica Romana et Indiana - Festschrift für Wolf Dietrich},
pages = {601-617},
publisher = {Gunter Narr},
year = {2000},
editor = {Bruno Staib},
address = {Tübingen},
}

@Article{Tovar49,
author = {Tovar, Antonio},
title = {Semántica y etimología en el guaraní },
journal = {Instituto caro y cuervo, Boletin},
year = {1949},
pages = {41-},
}

@Book{Lino98,
author = {Lino {Trinidad Sanabria}},
title = {Polis\'{\i}ntesis Guaran\'{\i}},
publisher = {Intercontinental},
year = {1998},
address = {Asunci\'on},
}

@Article{VanValin90,
author = {Robert {Van Valin}},
title = {Semantic Parameters of Split Intransitivity},
journal = {Language},
year = {1990},
volume = {66},
pages = {221-260},
}


@InCollection{mvc94,
author = {Velazquez-Castillo, Maura},
title = {Noun Incorporation and Object Placement in Discourse},
booktitle = {Word Order in Discourse},
series = {Typological Studies in Language 30},
publisher = {Benjamins},
address = {Amsterdam},
year = {1994},
editor = {P. Downing and M. Noonan},
}

@Article{mvc95,
author = {Velazquez-Castillo, Maura},
title = {Noun incorporation in Guarani: a functional analysis},
journal = {Linguistics},
year = {1995},
volume = {33},
number = {4},
}

@BOOK{mvc96,
AUTHOR = {Velazquez-Castillo, Maura},
TITLE  = {The Grammar of Possession - Inalienability, Incorporation  and Possessor Ascension in Guaran\'{\i}},
PUBLISHER = {John Benjamins},
address = {Amsterdam},
YEAR={1996}
}

@Article{mvc2002,
author = {Velazquez-Castillo, Maura},
title = {Guarani Causative Constructions},
journal = {Typological  Studies in Language},
year = {2002},
volume = {48},
pages = {507-553},
}

@Article{mvc2003,
author = {Maura Velazquez-Castillo},
title = {Grammatical relations in active systems},
journal = {Functions of Language},
year = {2003},
volume = {9},
number = {2},
pages = {133-167},
}











