@Book{Acosta2002,
author = {Feliciano Acosta and S.Vigo},
title = {Ko'\~embota 5},
publisher = {GV Distribudora},
year = {2002},
address = {Asunción},
}

@Book{Aguilera2001,
author = {D. {Aguilera Jiménez}},
title = {Mombe'u pyre Mombe'u pyrã},
publisher = {Servi Libro},
year = {2001},
address = {Asunción},
}

@Book{DeGuarania2001,
author = {Félix {de Guarania}},
title = {Aguyje Ára Ño Kuã'i},
publisher = {Arandurã},
year = {2001},
address = {Asunción},
}

@Book{Encima1997,
author = {Encima Ramos and Tatjyva},
title = {Las Cien Mejores Poesías en Guaraní},
publisher = {},
year = {2002},
address = {Asunción},
}

@Book{JasyJatere,
author = {M. V. Heisecke},
title = {Una historia de Jasy Jatere},
publisher = {Fausto Cultural},
year = {o.J.},
address = {Asunción},
}

@Book{CuevaMonstruos,
author = {M. V. Heisecke},
title = {La cueva de los monstruos - Mymba vaiete renda},
publisher = {Fausto Cultural},
year = {o.J.},
address = {Asunción},
}

@Book{Klegler,
author = {Philip Klegler and Annerose Klegler},
title = {Jerovia - ?' Mba'epa he'ise?},
publisher = {},
year = {2002},
address = {Asunción},
}

@Book{KdCAcosta2002,
author = {Feliciano Acosta and Natalia {Krivoshein de Canese}},
title = {Ñemombe'u Guaraní Jeporavo},
series = {Colleción Ñemit\~y},
publisher = {Ediciones y Arte},
year = {2002},
address = {Asunción}
}

@Book{KdCAcostaZarratea1992,
author = {Natalia {Krivoshein de Canese} and N. T. Zarratea and Feliciano Acosta},
title = {Jaleéna Guaraníme - Manual para aprender a leer},
publisher = {BASE-ECTA},
year = {1992},
address = {Asunción},
}

@Book{Lopez1,
author = {C. López and C. Britos},
title = {Ayvu joyvy peteíha},
publisher = {ENM},
year = {o.J.},
address = {Asunción},
}

@Book{Lopez2,
author = {C. López and C. Britos},
title = {Ayvu joyvy mokõiha},
publisher = {ENM},
year = {o.J.},
address = {Asunción},
}

@Book{Lopez4,
author = {C. López and C. Britos},
title = {Ayvu joyvy irundyha},
publisher = {ENM},
year = {o.J.},
address = {Asunción},
}

@Book{Lino1991,
author = {Lino {Trinidad Sanabria}},
title = {Ñane ñe'\~e guaraníme},
series = {Biblioteca Paraguaya de Antropología 12},
publisher = {Universidad Católica - Centro de Estudios Antropológicos},
year = {o.J.},
address = {Asunción},
}
