This file was created with JabRef 1.6.
Encoding: Cp1252

@BOOK{Wink1991,
  author = {André Wink},
  year = {1991},
  title = {Al-Hind. The making of the Indo-Islamic World. Vol. I. Early Medieval India and the Expansion of Islam 7^{th}--11^{th} century},
  address = {Leiden},
  publisher = {E. J. Brill},
  edition = {2},
  owner = {snordhoff},
}

@BOOK{ShuaybAlim1993,
  author = {{Shu'ayb'\=Alim}, Tayka},
  year = {1993},
  title = {Arabic, arwi and Persian in Sarandib and Tamil Nadu. A study of the Contributions of Sri Lanka and Tamil Nadu to Arabic, Arwi, Persian and Urdu Languages, Literature and Education},
  address = {Madras},
  publisher = {Im\=amul 'Ar\=us Trust},
  owner = {snordhoff},
}

