This file was created with JabRef 1.8.1.
Encoding: Cp1252

@BOOK{Crystal2000,
  author = {David Crystal},
  year = {2000},
  title = {Language Death},
  address = {Cambridge},
  publisher = {CUP},
  owner = {snordhoff},
  timestamp = {2005.10.10},
}

@BOOK{GrenobleEtAl1998,
  author = {Lenore A. Grenoble and Lindsay J. Whales},
  year = {1998},
  title = {Endangered Languages: Language Loss and Community Response},
  address = {Cambridge},
  publisher = {CUP},
  adress = {Cambridge},
  owner = {ifa},
}

@BOOK{Haugen1972,
  author = {Einar Haugen},
  year = {1972},
  title = {The Ecology of Language},
  address = {Stanford},
  publisher = {Stanford University Press},
  owner = {snordhoff},
  timestamp = {2005.10.10},
}

@BOOK{Maffi2001,
  author = {Luisa Maffi},
  year = {2001},
  title = {On Biocultural Diversity : Linking Language, Knowledge, and the Environment},
  address = {Washington/London},
  publisher = {Smithsonian Institute Press},
  owner = {snordhoff},
  timestamp = {2005.10.10},
}

@BOOK{RobinsEtAl1991,
  author = {Robert H. Robins and Eugenius M. Uhlenbeck},
  year = {1991},
  title = {Endangered Languages},
  address = {Oxfrod/NewYork},
  publisher = {Berg},
  owner = {snordhoff},
  timestamp = {2005.10.10},
}

@BOOK{Brenzinger1992,
  editor = {Matthias Brenzinger},
  year = {1992},
  title = {Language Death: Factual and Theoretical Explorations with Special
	Reference to East Africa},
  address = {Berlin and NewYork},
  publisher = {Mouton de Gruyter},
  owner = {snordhoff},
  timestamp = {2005.10.10},
}

@BOOK{Grenoble1998,
  editor = {Lenore A. Grenoble},
  year = {1998},
  title = {Endangered Languages},
  address = {Cambridge},
  publisher = {CUP},
  owner = {snordhoff},
  timestamp = {2005.10.10},
}

@BOOK{Matsumara1998,
  editor = {Kazuto Matsumura},
  year = {1998},
  title = {Studies in Endangered Languages},
  address = {Tokyo},
  publisher = {Hituji Syobo},
  volume = {1},
  series = {ICHEL Linguistic Studies},
  owner = {snordhoff},
  timestamp = {2005.10.10},
}

@BOOK{Sakiyama2001,
  editor = {Osamu Sakiyama},
  year = {2001},
  title = {Lectures on Endangered Languages},
  address = {Osaka},
  publisher = {Osaka Gakuin University},
  volume = {2},
  owner = {snordhoff},
  timestamp = {2005.10.10},
}

@BOOK{Wurm2001,
  editor = {Stephen A. Wurm},
  year = {2001},
  title = {Atlas of the World's languages in danger of disappearing},
  address = {Paris},
  publisher = {UNESCO Publishing},
  edition = {2},
  owner = {snordhoff},
  timestamp = {2005.10.10},
}

