% This file was created with JabRef 2.3.1.
% Encoding: ISO8859_1

@UNPUBLISHED{ChiarcosEtAl2012dgfsposter,
  author = {Christian Chiarcos and Sebastian Hellmann and Sebastian Nordhoff
	and Philipp Cimiano and John McCrae and Jonas Brekle and Judith Eckle-Kohler
	and Iryna Gurevych and Silvana Hartmann and Michael Matuschek and
	Christian M. Meyer and Richard Littauer},
  title = {Open Data as an Enabler for Development in Computational Linguistics
	The Working Group for Open Data in Linguistics},
  note = {Poster presented as the poster session of the section for computational
	linguistics at the 34th Annual Meeting of the Deutsche Gesellschaft
	f\"ur Sprachwissenschaft},
  year = {2012},
  owner = {snordhoff},
  timestamp = {2012.06.05}
}

@UNPUBLISHED{Nordhoff2006posposter,
  author = {Sebastian Nordhoff},
  title = {Universal and language-particular word classes in Guaran{\'{\i}}},
  note = {Poster presented at the workshop {\em Universality and particularity
	of parts-of-speech systems}, University of Amsterdam},
  year = {2006},
  owner = {snordhoff},
  timestamp = {2012.06.05}
}

@UNPUBLISHED{Nordhoff2005guaraniposter,
  author = {Sebastian Nordhoff},
  title = {The Inactive Marker in Guarani},
  note = {Poster presented at the conference {\em The Typology of Stative-Active
	languages}, MPI-EVA, Leipzig, May},
  year = {2005},
  owner = {snordhoff},
  timestamp = {2012.06.05}
}

@comment{jabref-meta: selector_publisher:}

@comment{jabref-meta: selector_author:}

@comment{jabref-meta: selector_journal:}

@comment{jabref-meta: selector_keywords:}

