% This file was created with JabRef 2.7b.
% Encoding: ISO8859_1

@BOOK{ChiarcosEtAlEd2012,
  editor = {Christian Chiarcos and Sebastian Nordhoff and Sebastian Hellmann},
  year = {2012},
  title = {Linked Data in Linguistics. Representing Language Data and Metadata},
  address = {Heidelberg},
  publisher = {Springer},
  owner = {snordhoff},
  timestamp = {2012.06.05},
  url = {http://ldl2012.lod2.eu/program/proceedings}
}

@BOOK{NordhoffEd2012brill,
  editor = {Nordhoff, Sebastian},
  year = {2012},
  title = {The genesis of Sri Lanka Malay -- A case of extreme language contact},
  address = {Leiden},
  publisher = {Brill},
  lgcode = {[sci]},
  owner = {snordhoff},
  timestamp = {2011.09.13}
}

@BOOK{NordhoffEd2012grammaticography,
  editor = {Nordhoff, Sebastian},
  year = {2012},
  title = {Electronic Grammaticography},
  address = {Manoa},
  publisher = {University of Hawai'i Press},
  owner = {snordhoff},
  timestamp = {2012.05.31},
  url = {http://scholarspace.manoa.hawaii.edu/bitstream/handle/10125/4552/master.pdf}
}

@comment{jabref-meta: selector_publisher:}

@comment{jabref-meta: selector_author:}

@comment{jabref-meta: selector_journal:}

@comment{jabref-meta: selector_keywords:}

