% This file was created with JabRef 2.10.
% Encoding: ISO8859_1


@Unpublished{AnsaldoEtAl2006dobes,
  Title                    = {Variation and shift in Sri Lanka Malay},
  Author                   = {Umberto Ansaldo and Lisa Lim and Sebastian Nordhoff},
  Note                     = {Paper presented at the DobeS workshop, MPI Nijmegen},
  Year                     = {2006},

  Owner                    = {snordhoff},
  Timestamp                = {2012.06.05}
}

@Unpublished{AnsaldoEt2005icsls,
  Title                    = {Documentation and Description of Sri Lanka Malay},
  Author                   = {Umberto Ansaldo and Lisa Lim and Sebastian Nordhoff},
  Note                     = {Paper presented at 10th International Conference on Sri Lankan Studies - Kelaniya, Sri Lanka},
  Year                     = {2005},

  Owner                    = {snordhoff},
  Timestamp                = {2012.06.05}
}

@Unpublished{AnsaldoEtAl2006giessen,
  Title                    = {Complexity and the age of languages},
  Author                   = {Umberto Ansaldo and Sebastian Nordhoff},
  Note                     = {Paper presented at the 7th Creolistics Workshop -- University of Gie{\ss}en},
  Year                     = {2006},

  Owner                    = {snordhoff},
  Timestamp                = {2012.06.05}
}

@Unpublished{AnsaldoEtAl2006swl,
  Title                    = {The role of typological pressure in contact-induced restructuring},
  Author                   = {Umberto Ansaldo and Sebastian Nordhoff},
  Note                     = {Paper presented at Syntax of the World's Languages II, University of Lancaster, UK},
  Year                     = {2006},

  Owner                    = {snordhoff},
  Timestamp                = {2012.06.05}
}

@Unpublished{ApoussidouEtAl2008,
  Title                    = {Feet in Sri Lanka Malay -- no stress please},
  Author                   = {Diana Apoussidou and Sebastian Nordhoff},
  Note                     = {Paper presented at OCP 5, January 2008, Toulouse},
  Year                     = {2008},

  Lgcode                   = {[sci]},
  Owner                    = {snordhoff},
  Timestamp                = {2009.01.07}
}

@Unpublished{HammarstroemEtAl2011Howmany,
  Title                    = {How many languages have so far been described?},
  Author                   = {Hammarstr\"om, Harald and Nordhoff, Sebastian},
  Note                     = {Paper presented at NWO Endangered Languages Programme Conference, Leiden, April 2011},
  Year                     = {2011},

  Owner                    = {snordhoff},
  Timestamp                = {2011.10.20}
}

@Misc{Nordhoff2018potsdam,
  Title                    = {Language Science Press},

  Author                   = {Sebastian Nordhoff},
  HowPublished             = {Presentation given at the seminary ``Open Access and Open Data'' of the Fachhochschule Potsdam, 2018-01-10},
  Year                     = {2018},

  Owner                    = {snordhoff},
  Timestamp                = {2018.03.19},
  Url                      = {https://github.com/langsci/lsp-presentations/blob/master/2018potsdam/presentation.pdf}
}

@Misc{Nordhoff2018zbiw,
  Title                    = {Übergang vom Community-Projekt zum tragfähigen Geschäftsmodell},

  Author                   = {Sebastian Nordhoff},
  HowPublished             = {Presentation given at ``Erfahrungsaustausch für die Fachreferate der Geisteswissenschaften'', ZBIW, Bergisch Gladbach, 2018-01-26},
  Year                     = {2018},

  Owner                    = {snordhoff},
  Timestamp                = {2018.03.19},
  Url                      = {https://github.com/langsci/lsp-presentations/blob/master/2018dhd/presentation.pdf}
}

@Misc{Nordhoff2017doktorandentag,
  Title                    = {Veröffentlichung als Open Access},

  Author                   = {Sebastian Nordhoff},
  HowPublished             = {Presentation given at Humboldt University Doktorandentag, 2017-10-09},
  Year                     = {2017},

  Owner                    = {snordhoff},
  Timestamp                = {2018.03.19},
  Url                      = {https://github.com/langsci/lsp-presentations/blob/master/2017doktorandentag/presentation.pdf}
}

@Misc{Nordhoff2017fid,
  Title                    = {Community-based publishing},

  Author                   = {Sebastian Nordhoff},
  HowPublished             = {Presentation given at the Workshop Open Access of the FID Afrikastudien, 2017-11-03},
  Year                     = {2017},

  Owner                    = {snordhoff},
  Timestamp                = {2018.03.19},
  Url                      = {https://github.com/langsci/lsp-presentations/blob/master/FIDAfrikanistik2017/presentation.pdf}
}

@Misc{Nordhoff2017meacom,
  Title                    = {Collaboration and Mobilization},

  Author                   = {Sebastian Nordhoff},
  HowPublished             = {Paper presented at the workshop ``Metadata Editing and Collection Management (MEaCoM) --  Tools for Linguistic Data'', Alacena, 2017-10-23},
  Year                     = {2017},

  Owner                    = {snordhoff},
  Timestamp                = {2018.03.19},
  Url                      = {https://github.com/langsci/lsp-presentations/blob/master/Meacom/presentation.pdf}
}

@Misc{Nordhoff2017oatbooks,
  Title                    = {Community-basierte Verlagsformen},

  Author                   = {Sebastian Nordhoff},
  HowPublished             = {Paper presented at Open-Access-Tage 2017, Dresden, 2017-09-11},
  Year                     = {2017},

  Owner                    = {snordhoff},
  Timestamp                = {2018.03.19},
  Url                      = {https://github.com/langsci/lsp-presentations/blob/master/oat2017books/presentation.pdf}
}

@Misc{Nordhoff2017openauthoring,
  Title                    = {Aufbau eines Zyklus für Offenes Publizieren},

  Author                   = {Sebastian Nordhoff},
  HowPublished             = {Paper presented at Open-Access-Tage 2017 in Dresden, 2017-09-13},
  Year                     = {2017},

  Owner                    = {snordhoff},
  Timestamp                = {2018.03.19},
  Url                      = {https://github.com/langsci/lsp-presentations/blob/master/oat2017authoring/presentation.pdf}
}

@Misc{Nordhoff2015cdv,
  Title                    = {Language Science Press + Cross Linguistic Linked Data},

  Author                   = {Sebastian Nordhoff},
  HowPublished             = {Presentation at ``Coding da Vinci'', 2015-04-21},
  Year                     = {2015},

  Owner                    = {snordhoff},
  Timestamp                = {2018.03.19},
  Url                      = {https://github.com/langsci/lsp-presentations/blob/master/cdv/LangSci-CdV.pdf}
}

@Misc{Nordhoff2015oan,
  Title                    = {Open Monograph Press},

  Author                   = {Sebastian Nordhoff},
  HowPublished             = {Paper presented at Open-Access-Netzwerk Berlin, 2015-01-24},
  Year                     = {2015},

  Owner                    = {snordhoff},
  Timestamp                = {2018.03.19},
  Url                      = {https://github.com/langsci/lsp-presentations/blob/master/2015oan/beamertest.pdf}
}

@Misc{Nordhoff2014dgfs,
  Title                    = {Comparing comparative concepts},

  Author                   = {Sebastian Nordhoff},
  HowPublished             = {Paper presented at DGfS 2014},
  Year                     = {2014},

  Owner                    = {snordhoff},
  Timestamp                = {2018.03.18}
}

@Misc{Nordhoff2014hiig,
  Title                    = {Language Science Press},

  Author                   = {Sebastian Nordhoff},
  HowPublished             = {Paper presented at ``Generation Open'' at Humboldt Institut für Internet und Gesellschaft, Berlin, 2014-10-20.},
  Year                     = {2014},

  Owner                    = {snordhoff},
  Timestamp                = {2018.03.19},
  Url                      = {https://github.com/langsci/lsp-presentations/blob/master/2014/HIIG2014/lspHIIG.pdf}
}

@Misc{Nordhoff2014mpiwg,
  Title                    = {Language Science Press},

  Author                   = {Sebastian Nordhoff},
  HowPublished             = {Paper presented at the workshop ``Annotieren--Publizieren' at the  MPI for the History of Science ,  2014-11-20.},
  Year                     = {2014},

  Owner                    = {snordhoff},
  Timestamp                = {2018.03.19},
  Url                      = {https://github.com/langsci/lsp-presentations/blob/master/2014/mpiwg/nordhoffmpiwg.pdf}
}

@Unpublished{Nordhoff2013cswals,
  Title                    = {Crowdsourcing WALS},
  Author                   = {Sebastian Nordhoff},
  Note                     = {Paper presented at the workshop ``Linked Data in Linguistic Typology" at ALT 10, Leipzig, Germany},

  Month                    = {August},
  Year                     = {2013},

  Owner                    = {snordhoff},
  Timestamp                = {2013.08.29}
}

@Unpublished{Nordhoff2012ismil,
  Title                    = {Phonological cover-up: undoing sound changes in Sri Lanka Malay},
  Author                   = {Sebastian Nordhoff},
  Note                     = {Paper presented at ISMIL XVI, Kelaniya, Sri Lanka, June},
  Year                     = {2012},

  Owner                    = {snordhoff},
  Timestamp                = {2012.06.05}
}

@Unpublished{Nordhoff2011coslam,
  Title                    = {Becoming a written language},
  Author                   = {Nordhoff, Sebastian},
  Note                     = {Paper presented at the WASLAM/COSLAM seminar, Colombo, Sri Lanka, May},
  Year                     = {2011},

  Owner                    = {snordhoff},
  Timestamp                = {2012.06.05}
}

@Unpublished{Nordhoff2011rcic,
  Title                    = {Dialect levelling, substrate reinforcement, and metatypy in the history of Sri Lanka Malay.},
  Author                   = {Sebastian Nordhoff},
  Note                     = {Paper presented at the workshop Rethinking Contact-Induced Change, Leiden, June},
  Year                     = {2011},

  Owner                    = {snordhoff},
  Timestamp                = {2012.06.05}
}

@Unpublished{Nordhoff2011valency,
  Title                    = {Valency in Sri Lanka Malay},
  Author                   = {Sebastian Nordhoff},
  Note                     = {Paper presented at the Conference on Valency Classes MPI-EVA, April},
  Year                     = {2011},

  Owner                    = {snordhoff},
  Timestamp                = {2012.06.05}
}

@Unpublished{Nordhoff2010ismil,
  Title                    = {Sinhala influence in Sri Lanka Malay},
  Author                   = {Nordhoff, Sebastian},
  Note                     = {14th International Symposium on Malay/Indonesian Linguistics, University of Minneapolis, May},

  Month                    = {May},
  Year                     = {2010},

  HowPublished             = {Paper presented at ISMIL XIV, University of Minnesota},
  Lgcode                   = {[sci] [sin] [tam]},
  Owner                    = {snordhoff},
  Timestamp                = {2010.10.13}
}

@Unpublished{Nordhoff2010sampling,
  Title                    = {Controlling for genetic bias and controlling for genesis bias in typological samples},
  Author                   = {Sebastian Nordhoff},
  Note                     = {Paper presented at the second APiCS Workshop, MPI-EVA, November},
  Year                     = {2010},

  Owner                    = {snordhoff},
  Timestamp                = {2012.06.05}
}

@Unpublished{Nordhoff2010slm,
  Title                    = {The genesis of Sri Lanka Malay as a multi-layered process},
  Author                   = {Sebastian Nordhoff},
  Note                     = {Paper presented at Past, Present and Future of Sri Lanka Malay, MPI Leipzig, November},
  Year                     = {2010},

  Owner                    = {snordhoff},
  Timestamp                = {2012.06.05}
}

@Unpublished{Nordhoff2010valency,
  Title                    = {No Valency Classes in Sri Lanka Malay},
  Author                   = {Nordhoff, Sebastian},
  Note                     = {Paper presented at the workshop on valency classes, Max Planck Institute for Evolutionary Anthropology, Leipzig, August 2010.},
  Year                     = {2010},

  Lgcode                   = {[sci]},
  Owner                    = {snordhoff},
  Timestamp                = {2011.03.24}
}

@Unpublished{Nordhoff2009glottolog,
  Title                    = {The Glottolog language catalog},
  Author                   = {Sebastian Nordhoff},
  Note                     = {Paper presented at the Language Catalogue Workshop, MPI Leipzig},
  Year                     = {2009},

  Owner                    = {snordhoff},
  Timestamp                = {2012.06.05}
}

@Unpublished{Nordhoff2009lcitic,
  Title                    = {The Sri Lankan linguistic ecology},
  Author                   = {Sebastian Nordhoff},
  Note                     = {Paper presented at Language Contact in the Indian Ocean. University of Amsterdam, November},
  Year                     = {2009},

  Owner                    = {snordhoff},
  Timestamp                = {2012.06.05}
}

@Unpublished{Nordhoff2009soas,
  Title                    = {Multi-Verb-Constructions in Sri Lanka Mala},
  Author                   = {Sebastian Nordhoff},
  Note                     = {Paper presented at 4th Conference on Austronesian Languages \& Linguistics. SOAS, London, June},
  Year                     = {2009},

  Owner                    = {snordhoff},
  Timestamp                = {2012.06.05}
}

@Unpublished{Nordhoff2009utrecht,
  Title                    = {The grammatical description as a mediator between text and typologist},
  Author                   = {Sebastian Nordhoff},
  Note                     = {Paper presented at Workshop on Small Tools for Cross-Linguistic Research. University of Utrecht, July},
  Year                     = {2009},

  Owner                    = {snordhoff},
  Timestamp                = {2012.06.05}
}

@Unpublished{Nordhoff2008ismil,
  Title                    = {Uncommon two orders of ADJ, NUM and N in Sri Lanka Malay},
  Author                   = {Sebastian Nordhoff},
  Note                     = {Paper presented at ISMIL 12, Leiden, June},
  Year                     = {2008},

  Owner                    = {snordhoff},
  Timestamp                = {2012.06.05}
}

@Unpublished{Nordhoff2008soas,
  Title                    = {Growing a Grammar with Galoes},
  Author                   = {Sebastian Nordhoff},
  Note                     = {Paper presented in the SOAS seminar series},
  Year                     = {2008},

  Owner                    = {snordhoff},
  Timestamp                = {2012.06.05}
}

@Unpublished{Nordhoff2007alt,
  Title                    = {Grammar writing in the Electronic Age},
  Author                   = {Sebastian Nordhoff},
  Note                     = {Paper presented at the ALT VII conference in Paris},
  Year                     = {2007},

  Owner                    = {snordhoff},
  Timestamp                = {2009.05.15}
}

@Unpublished{Nordhoff2007dobes,
  Title                    = {Growing a grammar with GALOES},
  Author                   = {Sebastian Nordhoff},
  Note                     = {Paper presented at the Dobes workshop at the MPI Nijmegen},
  Year                     = {2007},

  Owner                    = {snordhoff},
  Timestamp                = {2009.05.15}
}

@Unpublished{Nordhoff2007mpi,
  Title                    = {The grammar authoring system GALOES},
  Author                   = {Sebastian Nordhoff},
  Note                     = {Paper presented at the workshop ``Wikifying research'' at the MPI Leipzig},
  Year                     = {2007},

  Owner                    = {snordhoff},
  Timestamp                = {2009.05.15}
}

@Unpublished{Nordhoff2007slmpos,
  Title                    = {Jack-of-all-trades: The Sri Lankan Malay property word},
  Author                   = {Sebastian Nordhoff},
  Note                     = {Paper presented at the Workshop on flexible languages, Amsterdam},

  Month                    = {April},
  Year                     = {2007},

  Lgcode                   = {[sci]},
  Owner                    = {snordhoff},
  Timestamp                = {2007.08.08}
}

@Unpublished{Nordhoff2007spcl,
  Title                    = {Vowel quantity in Sri Lanka Malay},
  Author                   = {Sebastian Nordhoff},
  Note                     = {Paper presented at the Joint Summer Meeting of the SPCL and the ACBLPE 2007},
  Year                     = {2007},

  Lgcode                   = {[sci]},
  Owner                    = {snordhoff},
  Timestamp                = {2007.08.08}
}

@Unpublished{Nordhoff2006lcg,
  Title                    = {Sri Lanka Malay as a window on the creation of new languages},
  Author                   = {Sebastian Nordhoff},
  Note                     = {Paper presented at the Language Creation Group, University of Amsterdam},
  Year                     = {2006},

  Owner                    = {snordhoff},
  Timestamp                = {2012.06.05}
}

@Unpublished{Nordhoff2006nap,
  Title                    = {Grammar writing in the Electronic Age},
  Author                   = {Sebastian Nordhoff},
  Note                     = {Paper presented at NAP-dag, University of Amsterdam},
  Year                     = {2006},

  Owner                    = {snordhoff},
  Timestamp                = {2012.06.05}
}

@Unpublished{Nordhoff2006rara,
  Title                    = {Subtractive plural marking in Sinhala},
  Author                   = {Sebastian Nordhoff},
  Note                     = {Paper presented at Rara and Rarissima, MPI-EVA, Leipzig},
  Year                     = {2006},

  Owner                    = {snordhoff},
  Timestamp                = {2012.06.05}
}

@Unpublished{Nordhoff2004ru,
  Title                    = {Voice in Guarani},
  Author                   = {Sebastian Nordhoff},
  Note                     = {Paper presented at Americanists' Colloquium - RU Nijmegen},
  Year                     = {2004},

  Owner                    = {snordhoff},
  Timestamp                = {2012.06.05}
}

@Unpublished{Nordhoff2004swk,
  Title                    = {Stative Verben und Possession im Guarani},
  Author                   = {Sebastian Nordhoff},
  Note                     = {Paper presented at Sprachwissenschaftliche Werkstatt, Universit\"at zu K\"oln},
  Year                     = {2004},

  Owner                    = {snordhoff},
  Timestamp                = {2012.06.05}
}

@Unpublished{Nordhoff2004swl,
  Title                    = {Stative Verbs and Possession in Guarani},
  Author                   = {Sebastian Nordhoff},
  Note                     = {Paper presented at Syntax of the World's Languages, MPI-EVA, Leipzig, August},
  Year                     = {2004},

  Owner                    = {snordhoff},
  Timestamp                = {2012.06.05}
}

@Unpublished{NordhoffEtAl2009dgfs,
  Title                    = {Anchoring intonation in a language without word stress.},
  Author                   = {Sebastian Nordhoff and Diana Apoussidou},
  Note                     = {Paper presented at the workshop Prosodic Typology: State of the Art and Future Prospects at the DGfS},
  Year                     = {2009},

  Owner                    = {snordhoff},
  Timestamp                = {2012.06.05}
}

@Unpublished{NordhoffEtAl2012dhpaper,
  Title                    = {Cataloguing linguistic diversity: Glottolog/Langdoc},
  Author                   = {Sebastian Nordhoff and Harald Hammarstr\"om},
  Note                     = {paper presented at ``Digital Humanities 2012'', Hamburg, July.},
  Year                     = {2012},

  Owner                    = {snordhoff},
  Timestamp                = {2012.06.05}
}

@Unpublished{NordhoffEtAl2011alt,
  Title                    = {Countering bibliographical bias with LangDoc, a bibliographical database for lesser known languages},
  Author                   = {Sebastian Nordhoff and Hammarstr\"om, Harald},
  Note                     = {Paper presented at ALT IX, Hong Kong, July},
  Year                     = {2011},

  Owner                    = {snordhoff},
  Timestamp                = {2012.06.05}
}

@Unpublished{NordhoffEtAl2011howmany,
  Title                    = {How Many Languages Have so far been Described?},
  Author                   = {Sebastian Nordhoff and Harald Hammarstr\"om},
  Note                     = {Paper presented at NWO Endangered Languages Programme Conference, Leiden, April},
  Year                     = {2011},

  Owner                    = {snordhoff},
  Timestamp                = {2012.06.05}
}

@Unpublished{NordhoffEtAl2011ISWCpaper,
  Title                    = {Glottolog/Langdoc: Defining Dialects, Languages, and Language Families as Collections of Resources},
  Author                   = {Nordhoff, Sebastian and Harald Hammarstr\"om},
  Note                     = {Paper presented at the First International Workshop on Linked Science 2011 in conjunction with the International Semantic Web Conference (ISWC2011), Bonn, October},
  Year                     = {2011},

  Owner                    = {snordhoff},
  Timestamp                = {2012.06.05}
}

@Misc{NordhoffSiller2015,
  Title                    = {Auf der Suche nach dem `Kunden': Globaler Nutzen \& lokale Kosten},

  Author                   = {Sebastian Nordhoff and Debora Siller},
  HowPublished             = {Paper presented at Open-Access-Tage Zürich, 2015-09-07},
  Year                     = {2015},

  Owner                    = {snordhoff},
  Timestamp                = {2018.03.19},
  Url                      = {https://github.com/langsci/lsp-presentations/blob/master/oat2015/presentation.pdf}
}

@Misc{NordhoffSiller2014oat,
  Title                    = {Open-Access-Monographien in der Linguistik},

  Author                   = {Sebastian Nordhoff and Debora Siller},
  HowPublished             = {Paper presented at Open-Access-Tage 2014, Cologne, 2014-08-09.},
  Year                     = {2014},

  Owner                    = {snordhoff},
  Timestamp                = {2018.03.19},
  Url                      = {https://github.com/langsci/lsp-presentations/blob/master/2014/OATage2014/beamertest.pdf}
}

@Unpublished{NordhoffEtAl2007alt,
  Title                    = {Independent development in a mixed language},
  Author                   = {Nordhoff, Sebastian and Slomanson, Peter},
  Note                     = {Paper presented at the conference Variation and change in contact settings, Universit\'e de Paris},
  Year                     = {2007},

  Lgcode                   = {[sci] [sin] [tam]},
  Owner                    = {snordhoff},
  Timestamp                = {2010.11.09}
}

@Unpublished{SeifartEtAl2010dobes,
  Title                    = {Cross-linguistic variation in the noun-to-verb ratio: Exploring automatic tagging and quantitative corpus analysis},
  Author                   = {Seifart, Frank and Roland Meyer and Taras Zakharko and Balthasar Bickel and Swintha Danielsen and Sebastian Nordhoff and Alena Witzlack-Makarevich},
  Note                     = {Paper presented at the DobeS Workshop ``Advances in Documentary Linguistics'' Nijmegen, 14-15 October},
  Year                     = {2010},

  Owner                    = {snordhoff},
  Timestamp                = {2012.06.05}
}

@misc{Nordhoff2019bielefeld,
title = {Establishing  a non-{APC/BPC} publishing initiative},
author = {Sebastian Nordhoff},
year = {2019},
note = {Paper presented at the {OpenAIRE} {Sustainable non-APC publishing models workshop}},
address = {Bielefeld}
}

@misc{Nordhoff2019oatage,
author = {Sebastian Nordhoff},
title = {{Community Proofreading: Zielstellung, Implementation, Evaluation}},
year = {2019},
note = {Paper presented at the Open-Access-Tage 2019, Hannover}
}


@misc{Nordhoff2018hirmeos,
author = {Sebastian Nordhoff},
title = {Retrieving entities from publications in linguistics: {Glottolog} and {Concepticon}},
year = {2018},
note = {Paper presented at {HIRMEOS Workshop: Entity-Fishing for Digital Humanities and Scholarly Publishing}, Göttingen}
}
