This file was created with JabRef 1.8.1.
Encoding: Cp1252

@INCOLLECTION{,
  author = {William Labov},
  title = {On the mechanism of linguistic change},
  crossref = {GumperzEtAl1972},
  pages = {512-538},
  owner = {snordhoff},
  timestamp = {2005.11.03},
}

@BOOK{Chambers2003,
  author = {John Kenneth Chambers},
  year = {2003},
  title = {Sociolinguistic theory : linguistic variation and its social significance},
  address = {Malden},
  publisher = {Blackwell},
  edition = {2},
  owner = {snordhoff},
  timestamp = {2005.10.21},
}

@BOOK{Gumperz1982disc,
  author = {John Joseph Gumperz},
  year = {1982},
  title = {Discourse strategies},
  address = {Cambridge},
  publisher = {CUP},
  owner = {snordhoff},
  timestamp = {2005.10.21},
}

@BOOK{Labov2001,
  author = {Wiliam Labov},
  year = {2001},
  title = {Principles of Linguistic Change},
  address = {Malden and Oxford},
  publisher = {Blackwell},
  owner = {snordhoff},
  timestamp = {2005.11.03},
}

@BOOK{MilroyEtAl2003,
  author = {Lesley Milroy and Matthew Gordon},
  year = {2003},
  title = {Sociolinguistics},
  address = {Malden},
  publisher = {Blackwell Publishing},
  owner = {snordhoff},
  timestamp = {2005.10.21},
}

@BOOK{Gumperz1982ident,
  editor = {John J. Gumperz},
  year = {1982},
  title = {Language and Social Identity},
  address = {Cambridge},
  publisher = {CUP},
  owner = {snordhoff},
  timestamp = {2005.10.24},
}

@BOOK{GumperzEtAl1972,
  editor = {John J. Gumperz and Dell Hymes},
  year = {1972},
  title = {Directions in Sociolinguistics},
  address = {Oxford},
  publisher = {Basil Blackwell},
  owner = {snordhoff},
  timestamp = {2005.10.24},
}

@BOOK{Jones1993,
  editor = {Charles Jones},
  year = {1993},
  title = {Historical Linguistics - Problems and Perspectives},
  address = {London and New York},
  publisher = {Longman},
  owner = {snordhoff},
  timestamp = {2005.11.03},
}

