This file was created with JabRef 1.8.1.
Encoding: Cp1252

@ARTICLE{Odena22,
  author = {\'{O}dena, Ernesto León},
  year = {1922},
  title = {The Death of Aña: A Guaraní Legend},
  journal = {Inter-America},
  volume = {6},
  number = {2},
}

@INCOLLECTION{Andrews85,
  author = {Andrews, Avery},
  title = {The major functions of the noun phrase},
  pages = {62-154},
  editor = {Timothy Shopen},
  booktitle = {Language Typology and Syntactic Description},
  year = {1985},
  address = {Cambridge},
  publisher = {CUP},
  volume = {1},
}

@INCOLLECTION{Anward01,
  author = {Jan Anward},
  title = {Parts of Speech},
  pages = {726-735},
  editor = {Martin Haspelmath and Ekkehard König and Wulf Oesterreicher and Wolfgang
	Raible},
  booktitle = {Language Typology and Language Universals},
  year = {2001},
  address = {Berlin, New York},
  publisher = {de Gruyter},
  series = {HSK 20.1},
}

@ARTICLE{Anward97,
  author = {Jan Anward and Edith Moravcsik and Leon Stassen},
  year = {1997},
  title = {Parts of speech: a challenge to typology},
  journal = {Linguistic Typology},
  volume = {1},
  pages = {167-183},
}

@ARTICLE{Auroux88,
  author = {Sylvain Auroux},
  year = {1988},
  title = {Beauzée und die Universalität der Wortarten },
  journal = {Literaturwissenschaft und Linguistik},
  volume = {76},
  pages = {56-75},
}

@BOOK{Ayala93,
  author = {Ayala, J.V.},
  year = {1993},
  title = {Gram\'{a}tica Guaran\'{\i}},
}

@INCOLLECTION{Bach69,
  author = {Emmon Bach},
  title = {Nouns and noun-phrases},
  pages = {91-124},
  editor = {Emmon Bach and Robert T. Harms},
  booktitle = {Universals in Linguistic Theory},
  year = {1969},
  address = {New York},
  publisher = {Holt, Rineheart and Winston},
}

@INCOLLECTION{Bach94,
  author = {Emmon Bach},
  title = {The semantics of syntactic categories: A cross linguistic perspective},
  pages = {264-281},
  editor = {John Macnamara and Gonzalo Reyes},
  booktitle = {The Logical Foundations of Linuigistic Theory},
  year = {1994},
  address = {New York},
  publisher = {Oxford University Press},
}

@BOOK{Baker88,
  author = {Baker, Mark},
  year = {1988},
  title = {Incorporation},
  publisher = {Chicago,London:The University of Chicago Press},
}

@INCOLLECTION{Bally26,
  author = {Bally, Charles},
  title = { {L'Expression} des {Id\'{e}es} de {Sph\`{e}re} personnelle et de
	{Solidarit\'{e}} dans les {Langues} {Indo-Europ\'{e}ennes}},
  editor = {F. Fankhauser and F. Jud},
  booktitle = {Festschrift Louis Gauchat},
  year = {1926},
  publisher = {Aarau:Sauerländer},
}

@ARTICLE{Bareiro86,
  author = {Bareiro Saguier, Ruben},
  year = {1986},
  title = {La numeración en Guaraní},
  journal = {Amerindia},
  volume = {11},
  pages = {145-154},
}

@BOOK{Beck2002,
  author = {David Beck},
  year = {2002},
  title = {The Typology of Parts of Speech Systems},
  address = {New York and London},
  publisher = {Routledge},
}

@INPROCEEDINGS{Beck95,
  author = {David Beck},
  title = {A conceptual approach to lexical categories in Bella Coola},
  booktitle = {Papers for the 30th International Conference on Salish and Neighbouring
	Languages},
  year = {1995},
  pages = {1-17},
  month = {August},
  publisher = {University of Victoria},
}

@BOOK{Bhat94,
  author = {Bhat, D.N.S},
  year = {1994},
  title = {The Adjectival Category: Criteria for Differentiation and Identification},
  address = {Amsterdam},
  publisher = {Benjamins},
}

@INCOLLECTION{Bhat2000,
  author = {Bhat, D.N.S.},
  title = {Word Classes and Sentential Functions},
  pages = {47-64},
  editor = {Bernard Comrie and Petra M. Vogel},
  booktitle = {Approaches to the Typology of Word Classes},
  year = {2000},
  address = {Berlin},
  publisher = {Mouton de Gruyter},
}

@BOOK{Boas79,
  author = {Franz Boas and Ella Denoria},
  year = {1979},
  title = {Dakota Grammar},
  address = {Washington D.C.},
  publisher = {National Academy of Sciences},
  series = {Memoirs of the National Academy of Sciences 23},
}

@INCOLLECTION{Booij2000,
  author = {Geert Booij},
  title = {Inflection and Derivation},
  pages = {360-369},
  editor = {Geert Booij and Christian Lehmann and Joachim Mugdan},
  booktitle = {Morphology(=HSK 17.1)},
  year = {2000},
  address = {Berlin and New York},
  publisher = {Walter de Gruyter},
}

@INCOLLECTION{Bossong92,
  author = {Georg Bossong},
  title = {Reflection on the history of the study of universals: the example
	of the partes orationis},
  editor = {Michel Kefer and Johan {van der Auwera}},
  booktitle = {Meaning and Grammar},
  year = {1992},
  address = {Berlin, New York},
  publisher = {Mouton de Gruyter},
}

@INCOLLECTION{Bossong85,
  author = {Georg Bossong},
  title = {Markierung von Aktantenfunktionen im Guaran\'\i:Zur Frage der differentiellen
	Objektmarkierung in nicht-akkusativischen Sprachen},
  pages = {1-29},
  editor = {Frans Plank},
  booktitle = {Relational Typology},
  year = {1985},
  address = {Berlin et al.},
  publisher = {Mouton},
}

@ARTICLE{Bossong80,
  author = {Georg Bossong},
  year = {1980},
  title = {Syntax und Semantik der Fundamentalrelation - Das Guaran\'\i als
	Sprache des aktiven Typus},
  journal = {Lingua},
  volume = {50},
  pages = {359-379},
}

@INCOLLECTION{Broschart91,
  author = {Jürgen Broschart},
  title = {Noun, verb and PARTICIPATION (A typology of the noun/verb distinction},
  pages = {65-137},
  editor = {Hansjakob Seiler and Waldfried Premper},
  booktitle = {PARTIZIPATION. Das sprachliche Erfassen von Sachverhen},
  year = {1991},
  address = {Tübingen},
  publisher = {Narr},
}

@ARTICLE{Broschart97,
  author = {Jürgen Broschart},
  year = {1997},
  title = {Why Tongan does it diffferently},
  journal = {Linguistic Typology},
  volume = {1},
  number = {2},
  pages = {123-166},
}

@BOOK{Brondal48,
  author = {Viggo Brøndal},
  year = {1948},
  title = {Les parties du discours. Partes orationis(\'{E}tudes sur les cat\'{e}gories
	linguistiques)},
  address = {Kopenhagen},
  publisher = {Munksgaard},
}

@BOOK{Chamoni97,
  author = {Peter Chamoni and C. Budde},
  year = {1997},
  title = {Methoden und Verfahren des Data Mining (=Diskussionsbeiträge des
	Fachbereichs Wirtschaftswissenschaften der Gerhard-Mercator-Universität
	Gesamthochschule Duisburg 232)},
  address = {Duisburg},
  publisher = {Department of Economics Discussion Papers},
}

@ARTICLE{Clark79,
  author = {Eve Clark and Herbert Clark},
  year = {1979},
  title = {When nouns surface as verbs},
  journal = {Language},
  volume = {55},
  pages = {767-811},
}

@INCOLLECTION{Claudi91,
  author = {Ulrike Claudi and Daniela Mendel},
  title = {Noun/verb distinction in Egyptian Coptic and Mande: A grammaticalization
	perspective},
  pages = {31-53},
  editor = {Ulrike Claudi and Daniela Mendel},
  booktitle = {Gedenkschrift Peter Behrens},
  year = {1991},
  address = {Köln},
  publisher = {Institut für Afrikanistik},
  number = {Sondernummer 1991},
  series = {Afrikanistische Papiere},
}

@BOOK{Comrie76,
  author = {Bernard Comrie},
  year = {1976},
  title = {Aspect},
  address = {Cambridge},
  publisher = {CUP},
}

@INCOLLECTION{Croft2000,
  author = {William Croft},
  title = {Parts of speech as language universals and as language-particuluar
	categories},
  pages = {47-64},
  editor = {Bernard Comrie and Petra M. Vogel},
  booktitle = {Approaches to the Typology of Word Classes},
  year = {2000},
  address = {Berlin},
  publisher = {Mouton de Gruyter},
}

@BOOK{Croft91,
  author = {William Croft},
  year = {1991},
  title = {Syntactic Categories and Grammatical Relations: The Cognitive Organization
	of Information},
  address = {Chicago},
  publisher = {University of Chicago Press},
}

@ARTICLE{Croft90,
  author = {William Croft},
  year = {1990},
  title = {A conceptual framework for grammatical categories},
  journal = {Journal of Semantics},
  volume = {7},
  pages = {245-280},
}

@ARTICLE{Crystal67,
  author = {Crystal},
  year = {1967},
  title = {Word Classes in English},
  journal = {Lingua},
  volume = {67},
  pages = {24-56},
}

@INCOLLECTION{Damaso01,
  author = {D\'amaso Vieira, M\'arcia},
  title = {A natureza transitiva das sentenças possessivas em Mby\'a-Guarani},
  pages = {67-86},
  editor = {Queixal\'{o}s,S.},
  booktitle = {Des noms et des verbes en tupi-guarani},
  year = {2001},
  address = {München},
  publisher = {Lincom},
  series = {LINCOM Studies in Native American Linguistiscs},
}

@INCOLLECTION{Dietrich2000HSK,
  author = {Wolf Dietrich},
  title = {Das Studium der Eingeborenensprachen Südamerikas: Guarani},
  pages = {960-966},
  editor = {Sylvain Auroux and E. F. K. Koerner and Hans-Josef Niederehe and
	Kees Verstegh},
  booktitle = {Geschichte der Sprachwissenschaften},
  year = {2000},
  address = {Berlin, New York},
  publisher = {Walter de Gruyter},
  series = {HSK18.1},
}

@INCOLLECTION{Dietrich01,
  author = {Dietrich, Wolf},
  title = {Categorias lexicais nas l\'{\i}nguas tupi-guarani},
  pages = {21-37},
  editor = {Queixal\'{o}s,S.},
  booktitle = {Des noms et des verbes en tupi-guarani},
  year = {2001},
  address = {München},
  publisher = {Lincom},
  series = {LINCOM Studies in Native American Linguistiscs},
}

@INPROCEEDINGS{Dietrich2000,
  author = {Wolf Dietrich},
  title = {El problema de la categoría del adjetivo en las lenguas tupí-guaraníes},
  booktitle = {Ensayos sobre lenguas indígenas de las tierras bajas de Sudamérica.
	Contribuciones al 49º Congreso Internacional de Americanistas en
	Quito 1997},
  year = {2000},
  editor = {Hein {van der Voort} and Simon {van de Kerke}},
  pages = {255-263},
  address = {Leiden},
  publisher = {CNWS},
}

@ARTICLE{Dietrich77,
  author = {Wolf Dietrich},
  year = {1977},
  title = {Las categorias verbales (partes de la oraci\'on) en tup\'{\i}-guaran\'{\i}},
  journal = {Indiana},
  volume = {4},
  pages = {245-263},
}

@ARTICLE{Dixon77,
  author = {Dixon, R.M.W.},
  year = {1977},
  title = {Where have all the adjectives gone?},
  journal = {Studies in Language},
  volume = {1},
  pages = {19-80},
}

@ARTICLE{Dooley82,
  author = {Dooley, Robert A.},
  year = {1982},
  title = {Options in the pragmatic structuring of Guaraní sentences },
  journal = {Language},
  volume = {58},
  number = {2},
}

@INCOLLECTION{EnfieldIP,
  author = {Nick Enfield},
  title = {Verbs and multi-verb sequences in Lao},
  editor = {A.V. N. Diller and J. Edmondson},
  booktitle = {The Tai-Kadai Languages},
  year = {Im Druck},
  address = {London},
  publisher = {Routledge-Curzon},
}

@INCOLLECTION{Enfield2004,
  author = {Nick Enfield},
  title = {Adjectives in Lao},
  editor = {R. M. W. Dixon and A. Y. Aikhenvald},
  booktitle = {Adjective Classes},
  year = {2004},
  address = {Oxford},
  publisher = {OUP},
}

@INCOLLECTION{Evans97,
  author = {Evans, Nick},
  title = { Role or Cast},
  editor = {Alex Alsina and Joan Bresnan and Peter Sells},
  booktitle = {Complex Predicates},
  year = {1997},
  address = {Stanford},
  publisher = {CSLI},
}

@INCOLLECTION{Evans2000,
  author = {Nick Evans},
  title = {Word Classes in the World's languages},
  pages = {708-731},
  editor = {Geert Booij and Christian Lehmann and Joachim Mugdan},
  booktitle = {Morphology},
  year = {2000},
  address = {Berlin and New York},
  publisher = {Walter de Gruyter},
  volume = {17.1},
  series = {HSK},
}

@INCOLLECTION{Forsgren2000,
  author = {Kjell-\°Ake Forsgren},
  title = {Inflection and Derivation},
  pages = {665-673},
  editor = {Geert Booij and Christian Lehmann and Joachim Mugdan},
  booktitle = {Morphology},
  year = {2000},
  address = {Berlin and New York},
  publisher = {Walter de Gruyter},
  volume = {17.1},
  series = {HSK},
}

@BOOK{Gatti85,
  author = {Carlos Gatti},
  year = {1985},
  title = {Enciclopedia Guarani-Castellano de ciencias naturales y conococimientos
	paraguayos},
  address = {Asunci\'on},
  publisher = {Arte Nuevo Editores},
}

@INCOLLECTION{Gil2000,
  author = {David Gil},
  title = {Syntactic Categories, cross-linguistic variation and universal grammar},
  pages = {173-216},
  editor = {Bernard Comrie and Petra M. Vogel},
  booktitle = {Approaches to the Typology of Word Classes},
  year = {2000},
  address = {Berlin},
  publisher = {Mouton de Gruyter},
}

@ARTICLE{Gilberto83,
  author = {Gilberto de León, Olver},
  year = {1983},
  title = {Literatura guaraní del Paraguay},
  journal = {Cuadernos hispanoamericanos },
  pages = {167-},
}

@BOOK{Givon84,
  author = {Talmy Giv\'{o}n},
  year = {1984},
  title = {Syntax: A Functional-Typological Introduction},
  address = {Amsterdam},
  publisher = {Benjamins},
}

@BOOK{Gleason65,
  author = {H. A. Gleason},
  year = {1965},
  title = {Linguistics and English Grammar},
  address = {New York et al.},
  publisher = {Holt, Rineheart and Winston},
}

@BOOK{Gregores67,
  author = {E. Gregores and J. Su\'{a}rez},
  year = {1967},
  title = {A Decription of Colloquial Guarani},
  address = {Den Haag, Paris},
  publisher = {Mouton und Co.},
}

@BOOK{Deguarania92,
  author = {Felix de Guarania},
  year = {1992},
  title = {Curso Pr\'actico de Idioma Guarani},
  address = {Asunci\'on},
  publisher = {CEP},
}

@BOOK{Guasch97,
  author = {P.A. Guasch},
  year = {1997},
  title = {El idioma Guaran\'{\i}},
  address = {Asunci\'{o}n},
  publisher = {CEPAG},
}

@BOOK{Guasch76,
  author = {P.A. Guasch},
  year = {1976},
  title = {El idioma Guaran\'{\i}},
  address = {Asunci\'{o}n},
  publisher = {Loyola},
}

@BOOK{Guasch01,
  author = {P.A. Guasch and P.D. Ortiz},
  year = {2001},
  title = {Diccionario Guaran\'{\i}-Castellano Castellano-Guaran\'{\i}},
  address = {Asunci\'{o}n},
  publisher = {CEPAG},
  edition = {7},
}

@INCOLLECTION{Hengeveld92pos,
  author = {Kees Hengeveld},
  title = {Parts of speech},
  pages = {29-56},
  editor = {Michael Fortescue and Peter Harder and Lars Kristoffersen},
  booktitle = {Layered Structure and Reference in a Functional Perspective},
  year = {1992},
  address = {Amsterdam},
  publisher = {Benjamins},
}

@INCOLLECTION{Hengeveld92nvp,
  author = {Kees Hengeveld},
  title = {Non-verbal predicability},
  pages = {77-94},
  editor = {Michel Kefer and Johan {van der Auwera}},
  booktitle = {Meaning and Grammar},
  year = {1992},
  address = {Berlin, New York},
  publisher = {Mouton de Gruyter},
}

@BOOK{Hengeveld92nonv,
  author = {Kees Hengeveld},
  year = {1992},
  title = {Non-verbal Predication: Theory, Typology, Diachrony},
  address = {Berlin},
  publisher = {Mouton de Gruyter},
}

@ARTICLE{Hengeveld2004,
  author = {Kees Hengeveld and Jan Rijkhoff and Anna Siwierska},
  year = {2004},
  title = {Part-of-Speech Systemsand Word Order},
  journal = {Journal of Linguistics},
}

@BOOK{Hockett58,
  author = {Charles Hockett},
  year = {1984},
  title = {A course in modern linguistics},
  address = {New York},
  publisher = {Macmillan},
}

@INCOLLECTION{HoTho85,
  author = {P.J. Hopper and S.A. Thompson},
  title = {The iconicity of the universal categories ''noun'' and ''verb''},
  pages = {151-186},
  editor = {John Haiman},
  booktitle = {Iconicity in Syntax},
  year = {1985},
  address = {Amsterdam},
  publisher = {Benjamins},
}

@ARTICLE{HoTho84,
  author = {P.J. Hopper and S.A. Thompson},
  year = {1984},
  title = {The Discourse Basis for Lexical Categories and Universal Grammar},
  journal = {Language},
  volume = {60},
  pages = {703-752},
  address = {Baltimore},
  publisher = {Waverley},
}

@ARTICLE{Jensen98,
  author = {Cheryl Jensen},
  year = {1998},
  title = {The use of coreferential and reflexive markers in Tupi-Guarani languages},
  journal = {The Journal of Amazonian Languages},
  volume = {1},
  number = {2},
  optmonth = {März},
  optpages = {1-49},
}

@BOOK{Jespersen24,
  author = {Otto Jespersen},
  year = {1924},
  title = {The Philosophy of Grammar},
  address = {London},
  publisher = {Allen \& Unwin},
}

@INCOLLECTION{Kaltz2000,
  author = {Barbara Kaltz},
  title = {Wortartensysteme in der Linguistik},
  pages = {693-707},
  editor = {Geert Booij and Christian Lehmann and Joachim Mugdan},
  booktitle = {Morphology},
  year = {2000},
  address = {Berlin and New York},
  publisher = {Walter de Gruyter},
  volume = {17.1},
  series = {HSK},
}

@BOOK{Katamba93,
  author = {Francis Katamba},
  year = {1993},
  title = {Morphology},
  address = {Houndmills et al.},
  publisher = {Macmillan},
}

@BOOK{Kjev93,
  author = {Maria Kjevskaja-Tamm},
  year = {1993},
  title = {Nominalizations},
  address = {London},
  publisher = {Routledge},
}

@BOOK{Kleiber93,
  author = {Georges Kleiber},
  year = {1993},
  title = {Prototypensemantik},
  address = {Tübingen},
  publisher = {Narr},
}

@INCOLLECTION{Knobloch2000,
  author = {Clemens Knobloch and Burkhard Schrader},
  title = {Kriterien für die Definition von Wortarten},
  pages = {674-692},
  editor = {Geert Booij and Christian Lehmann and Joachim Mugdan},
  booktitle = {Morphology},
  year = {2000},
  address = {Berlin and New York},
  publisher = {Walter de Gruyter},
  volume = {17.1},
  series = {HSK},
}

@BOOK{Krifka89,
  author = {Manfred Krifka},
  year = {1989},
  title = {Nominalreferenz und Zeitkonstitution},
  address = {München},
  publisher = {Wilhelm Fink},
}

@ARTICLE{Kuipers68,
  author = {Aert H. Kuipers},
  year = {1968},
  title = {The categories verb-noun and transitive-intransitive in English and
	Squamish},
  journal = {Lingua},
  volume = {21},
  pages = {610-626},
}

@ARTICLE{SL51,
  author = {S. L.},
  year = {1951},
  title = {Grammaire et dictionnaire guarani },
  journal = {Société des américanistes, Journal },
  volume = {2},
  pages = {255},
}

@ARTICLE{Langacker87,
  author = {Ronald W. Langacker},
  year = {1987},
  title = {Nouns and verbs},
  journal = {Language},
  volume = {63},
  pages = {53-94},
}

@ARTICLE{Lazard84,
  author = {Gilbert Lazard},
  year = {1984},
  title = {La distinction entre nom et verbe en morphologie et en syntaxe},
  journal = {Mod\`{e}les linguistiques},
  pages = {29-39},
}

@INCOLLECTION{Lehmann94,
  author = {Christian Lehmann},
  title = {Prediactes: Aspectual Types},
  pages = {3297-3302},
  editor = {Asher, Ronald E. and Simpson, J. M. Y.},
  booktitle = {The Encyclopedia of Linguistics},
  year = {1994},
  address = {Oxford},
  publisher = {Pergamon Press},
  volume = {VI},
}

@ARTICLE{Liuzzi89,
  author = {Silvio Liuzzi and Pablo Kirtchuk},
  year = {1989},
  title = {Tiempo y aspecto en Guaran\'{\i}},
  journal = {Amerindia},
  volume = {14},
  pages = {9-44},
}

@BOOK{Lustig96,
  author = {Wolf Lustig},
  year = {1996},
  title = {Guarani für Paraguay - Wort für Wort},
  address = {Bielefeld},
  publisher = {Reise Know-how Verlag Peter Rump},
}

@INCOLLECTION{Lyons89,
  author = {John Lyons},
  title = {Syntactic Ascent: a neglected aspect of syntactic typology},
  pages = {153-186},
  editor = {Arnold, D.},
  booktitle = {Essays on grammatical theory and universal grammar},
  year = {1989},
  address = {Oxford},
  publisher = {Claredon Press},
}

@BOOK{Lyons77,
  author = {John Lyons},
  year = {1977},
  title = {Semantics},
  address = {Cambridge},
  publisher = {CUP},
}

@ARTICLE{Lyons66,
  author = {John Lyons},
  year = {1966},
  title = {Towards a notional theory of parts of speech},
  journal = {Journal of Linguistics},
  volume = {2},
}

@BOOK{Mater66,
  author = {E. Mater},
  year = {1966},
  title = {Deutsche Verben},
  address = {Leipzig},
  publisher = {VEB Bibliographisches Institut},
  volume = {1},
}

@BOOK{Mayrhofer01,
  author = {Manfred Mayrhofer },
  year = {2001},
  title = {Sanskrit-Grammatik},
  address = {Berlin, New York},
  publisher = {Walter de Gruyter},
}

@BOOK{Melia97,
  author = {Bartomeu Meli\`a and Luis Farr\'e and Alfonso P\'erez},
  year = {1997},
  title = {El guaran\'{\i} a su alcance},
  address = {Asunci\'on},
  publisher = {CEPAG},
}

@ARTICLE{Mithun91,
  author = {Mithun, Marianne},
  year = {1991},
  title = {Active/Agentive Case Marking and Its Motivations},
  journal = {Language},
  volume = {67},
  pages = {510-546},
  address = {Baltimore},
  publisher = {Waverley},
}

@ARTICLE{Mithun84,
  author = {Mithun, Marianne},
  year = {1984},
  title = {The Evolution of Noun Incorporation},
  journal = {Language},
  volume = {60},
  pages = {847-894},
  address = {Baltimore},
  publisher = {Waverley},
}

@INCOLLECTION{MuellerG92,
  author = {Franz Müller-Gotama},
  title = {Towards a semantic typology of language},
  pages = {137-178},
  editor = {Michel Kefer and Johan {van der Auwera}},
  booktitle = {Meaning and Grammar},
  year = {1992},
  address = {Berlin, New York},
  publisher = {Mouton de Gruyter},
}

@BOOK{Neef96,
  author = {Martin Neef},
  year = {1996},
  title = {Wortdesign},
  address = {Tübingen},
  publisher = {Stauffenburg},
}

@INCOLLECTION{Payne94,
  author = {Payne, Doris},
  title = {The Tupi-Guarani Inverse},
  pages = {313-340},
  editor = {B. Fox and J. Hopper},
  booktitle = {Voice, Form and Function},
  year = {1994},
  address = {Amsterdam, Philadelphia},
  publisher = {Benjamins},
}

@ARTICLE{Plank84,
  author = {Frans Plank},
  year = {1984},
  title = {24 grundsätzliche Bemerkungen zur Wortartenfrage},
  journal = {Leuvense Bijdragen},
  volume = {73},
  pages = {489-520},
}

@INCOLLECTION{Premper01,
  author = {Waldfried Premper},
  title = {Universals of the linguistic representations of situation (\glq participation\grq)},
  pages = {477-495},
  booktitle = {Language Typology and Language Universals},
  year = {2001},
  address = {Berlin, New York},
  publisher = {de Gruyter},
  series = {HSK},
}

@INCOLLECTION{Primus95,
  author = {Primus, B.},
  title = {Relational Typology},
  pages = {1099-},
  editor = {Jacobs, J.},
  booktitle = {Syntax( =HSK9.1.)},
  year = {1995},
  address = {Berlin, New York},
  publisher = {de Gruyter},
}

@BOOK{Primus99,
  author = {Beatrice Primus},
  year = {1999},
  title = {Case and Thematic Roles},
  address = {Tübingen},
  publisher = {Niemeyer},
  series = {( =Linguistische Arbeiten 393)},
}

@BOOK{Riart97,
  author = {Gustavo Adolfo Riart},
  year = {1997},
  title = {\~Ne'\^e rape},
  address = {Asunci\'on},
  publisher = {El Lector},
}

@BOOK{Rijkhoff02,
  author = {Jan Rijkhoff},
  year = {2002},
  title = {The noun phrase},
  address = {Oxford},
  publisher = {Oxford University Press},
  series = {Oxford Studies in Typology and Linguistic Theory},
}

@ARTICLE{Rijkhoff91,
  author = {Jan Rijkhoff},
  year = {1991},
  title = {Nominal Aspect},
  journal = {Journal of Semantics},
  volume = {8},
  pages = {291-309},
}

@INCOLLECTION{Ringmacher88,
  author = {Manfred Ringmacher},
  title = {Guaran\'\i-Typologie: Aktivisch oder wie sonst?},
  pages = {141-159},
  editor = {Jörn Albrecht and Jens Lüdtke and Harald Thun},
  booktitle = {Energeia und Ergon},
  year = {1988},
  address = {Tübingen},
  publisher = {Gunter Narr},
  volume = {I},
}

@ARTICLE{Robins66,
  author = {R.H. Robins},
  year = {1966},
  title = {The development of the word class system of the European grammatical
	tradition},
  journal = {Foundations of Language},
  volume = {2},
  pages = {3-19},
}

@ARTICLE{Robins52,
  author = {R.H. Robins},
  year = {1952},
  title = {Noun and verb in universal grammar},
  journal = {Language},
  volume = {28},
  pages = {289-298},
}

@ARTICLE{Rosbottom61,
  author = {Rosbottom, Harry},
  year = {1961},
  title = {Different-Level Tense Markers in Guarani },
  journal = {International Journal of American Linguistics },
  pages = {345-},
  note = {ACHTUNG, bolivianisches Guarani!!!},
}

@INCOLLECTION{Ross73,
  author = {John Robert Ross},
  title = {Nouniness},
  pages = {137-257},
  editor = {Osamu Fujimura},
  booktitle = {Three Dimensions of Linguistic Theory},
  year = {1973},
  address = {Tokyo},
  publisher = {TEC},
}

@INPROCEEDINGS{Ross72,
  author = {John Robert Ross},
  title = {The Category Squish: Endstation Hauptwort},
  booktitle = {Papers from the Eighth Regional Meeting},
  year = {1972},
  editor = {Paul M. Peranteau and Judith N. Levi and Gloria C. Phares},
  number = {2},
  pages = {316-339},
  address = {Chicago},
  month = {April},
  publisher = {Chicago Linguistic Society},
}

@BOOK{Ruiz72,
  author = {Bersabe Ruiz},
  year = {1972},
  title = {Guarani I},
  address = {Asunci\'on},
  publisher = {CCPA},
}

@BOOK{Sapir21,
  author = {Edward Sapir},
  year = {1921},
  title = {Language},
  address = {New York},
  publisher = {Harcourt/Brace},
}

@INCOLLECTION{Sasse01,
  author = {Hans-Jürgen Sasse},
  title = {Scales between nouniness and verbiness},
  pages = {495-509},
  editor = {Haspelmath et al., Martin},
  booktitle = {Language Typology and Language Universals},
  year = {2001},
  publisher = {de Gruyter},
  volume = {20.1},
  series = {HSK},
  chapter = {VII},
  optaddress = {Berlin, New York},
}

@ARTICLE{Sasse93,
  author = {Hans-Jürgen Sasse},
  year = {1993},
  title = {Das Nomen -- eine universale Kategorie?},
  journal = {Sprachtypologie und Universalienforschung},
  volume = {46},
  pages = {187-221},
}

@INCOLLECTION{Sasse93b,
  author = {Hans-Jürgen Sasse},
  title = {Predication and sentence constitution in universal perspective},
  pages = {75-95},
  booktitle = {Semantic Universals and Universal Semantics},
  year = {1993},
  address = {Berlin},
  publisher = {Mouton de Gruyter},
}

@INCOLLECTION{Sasse93hsk,
  author = {Hans-Jürgen Sassse},
  title = {Syntactic Categories and Subcategories},
  pages = {75-95},
  editor = {Jacobs, J.},
  booktitle = {Syntax ( =HSK9.1.)},
  year = {1995},
  address = {Berlin, New York},
  publisher = {de Gruyter},
}

@INCOLLECTION{Schachter85,
  author = {Paul Schachter},
  title = {Parts-of-speech Systems},
  pages = {3-61},
  booktitle = {Language Typology and Syntactic Description},
  year = {1985},
  address = {Cambridge},
  publisher = {CUP},
  volume = {1},
}

@PHDTHESIS{Schleicher98,
  author = {Schleicher, Charles Owen},
  title = {Comparative And Internal Reconstrution of the Tupi-Guarani Language
	Family},
  school = {University of Wisonsin - Madison},
  year = {1998},
  address = {Ann Arbor},
}

@BOOK{Seiler83,
  author = {Hansjakob Seiler},
  year = {1983},
  title = {Possession as an operational dimension of language},
  address = {Tübingen},
  publisher = {Gunter Narr},
  series = {LUS 2},
}

@ARTICLE{Seybold1895,
  author = {Seybold, Fr.},
  year = {1895},
  title = {Linguae Guarani grammatica et Lexicon Hispano-Guarani},
  journal = {Zeitschrift für Ethnologie },
  pages = {38-},
}

@INPROCEEDINGS{Shkarban92,
  author = {Lina Shkarban},
  title = {Syntactic aspects of part-of-speech typology},
  booktitle = {Syntactic aspects of part-of-speech typology},
  year = {1992},
  editor = {S. Luksaneeyanawin},
  volume = {1},
  pages = {261-275},
}

@INCOLLECTION{Sonntag2000,
  author = {Eric Sonntag},
  title = {Die Theorie der Verbalkategorien und die Wortklassen des Guarani},
  pages = {583-600},
  editor = {Bruno Staib},
  booktitle = {Linguistica Romana et Indiana - Festschrift für Wolf Dietrich},
  year = {2000},
  address = {Tübingen},
  publisher = {Gunter Narr},
}

@INCOLLECTION{Stassen01,
  author = {Leon Stassen},
  title = {Predicative Possession},
  pages = {954-960},
  editor = {Martin Haspelmath and Ekkehard König and Wulf Oesterreicher and Woflgang
	Raible},
  booktitle = {Language Typology and Language Universals},
  year = {2001},
  address = {Berlin, New York},
  publisher = {de Gruyter},
  series = {HSK 20.2},
  chapter = {71},
}

@INCOLLECTION{Stassen92,
  author = {Leon Stassen},
  title = {A hierarchy of main predicate encoding},
  pages = {179-201},
  editor = {Michel Kefer and Johan {van der Auwera}},
  booktitle = {Meaning and Grammar: Crosslingiustic Perspectives},
  year = {1992},
  address = {Berlin},
  publisher = {Mouton de Gruyter},
}

@BOOK{Stassen97,
  author = {Leon Stassen},
  year = {1997},
  title = {Intransitive Predication},
  address = {Oxford},
  publisher = {Clarendon Press},
}

@ARTICLE{Tchekhoff84,
  author = {Claude Tchekhoff},
  year = {1984},
  title = {Une langue sans opposition verbo-nominale: le tongien},
  journal = {Mod\`{e}les linguistiques},
  volume = {6},
  pages = {125-132},
}

@INCOLLECTION{Thompson84,
  author = {Sandra Thompson},
  title = {A discourse approach to the cross-linguistic category ''adjective''},
  pages = {167-185},
  editor = {John A. Hawkins},
  booktitle = {Explaining Language Universals},
  year = {1984},
  address = {Oxford},
  publisher = {Blackwell},
}

@INCOLLECTION{Thun2000,
  author = {Harald Thun},
  title = {\glq Inklusiv\grq{ } und \glq exklusiv\grq{ } im Guarani},
  pages = {601-617},
  editor = {Bruno Staib},
  booktitle = {Linguistica Romana et Indiana - Festschrift für Wolf Dietrich},
  year = {2000},
  address = {Tübingen},
  publisher = {Gunter Narr},
}

@ARTICLE{Tovar49,
  author = {Tovar, Antonio},
  year = {1949},
  title = {Semántica y etimología en el guaraní },
  journal = {Instituto caro y cuervo, Boletin},
  pages = {41-},
}

@ARTICLE{Uhlenbeck17,
  author = {C. C. Uhlenbeck},
  year = {1917},
  title = {Het identificeerend karakter in der possessieve flexie in talen van
	Noord-Amerika},
  journal = {Verslagen en Mededeelingen der Koninkllijke Akademie van Wetenschapen},
  pages = {??},
}

@INCOLLECTION{mvc94,
  author = {Velazquez-Castillo, Maura},
  title = {Noun Incorporation and Object Placement in Discourse},
  editor = {P. Downing and M. Noonan},
  booktitle = {Word Order in Discourse},
  year = {1994},
  address = {Amsterdam},
  publisher = {Benjamins},
  series = {Typological Studies in Language 30},
}

@ARTICLE{mvc2003,
  author = {Maura Velazquez-Castillo},
  year = {2003},
  title = {Grammatical relations in active systems},
  journal = {Functions of Language},
  volume = {9},
  number = {2},
  pages = {133-167},
}

@ARTICLE{mvc2002,
  author = {Velazquez-Castillo, Maura},
  year = {2002},
  title = {Guarani Causative Constructions},
  journal = {Typological Studies in Language},
  volume = {48},
  pages = {507-553},
}

@BOOK{mvc96,
  author = {Velazquez-Castillo, Maura},
  year = {1996},
  title = {The Grammar of Possession - Inalienability, Incorporation and Possessor
	Ascension in Guaran\'{\i}},
  address = {Amsterdam},
  publisher = {John Benjamins},
}

@ARTICLE{mvc95,
  author = {Velazquez-Castillo, Maura},
  year = {1995},
  title = {Noun incorporation in Guarani: a functional analysis},
  journal = {Linguistics},
  volume = {33},
  number = {4},
}

@BOOK{Vendler67,
  author = {Zeno Vendler},
  year = {1967},
  title = {Linguistics in philosophy},
  address = {Ithaca},
  publisher = {Cornell University Press},
}

@INCOLLECTION{Vogel2000,
  author = {Petra M. Vogel},
  title = {Grammaticalization and part-of-speech systems},
  pages = {259-284},
  editor = {Bernard Comrie and Petra M. Vogel},
  booktitle = {Approaches to the Typology of Word Classes},
  year = {2000},
  address = {Berlin},
  publisher = {Mouton de Gruyter},
}

@ARTICLE{Wald71,
  author = {Lucia Wald},
  year = {1971},
  title = {On the formation of the opposition between noun and verb},
  journal = {Linguistics},
  volume = {67},
  pages = {83-90},
}

@INCOLLECTION{Walsh96,
  author = {Michael Walsh},
  title = {Vouns \& Nerbs: A Category Squish in Murrinh-Patha},
  pages = {227-252},
  editor = {William McGregor},
  booktitle = {Studies in Kimberley Languages in honor of Howard Coate},
  year = {1996},
  address = {München},
  publisher = {LINCOM},
}

@BOOK{Walter81,
  author = {Heribert Walter},
  year = {1981},
  title = {Studien zur Nomen-Verb-Distinktion aus typologischer Sicht},
  address = {München},
  publisher = {Fink},
}

@INCOLLECTION{Wetzer92,
  author = {Harrie Wetzer},
  title = {\glq Nouny\grq{ } and \glq verby\grq{ } adjectivals: A typology of
	predicative adjectival constructions},
  pages = {223-262},
  editor = {Michel Kefer and Johan {van der Auwera}},
  booktitle = {Meaning and Grammar: Cross-linguistic Perspectives},
  year = {1992},
  address = {Berlin},
  publisher = {Mouton de Gruyter},
}

@BOOK{Wetzer96,
  author = {Harrie Wetzer},
  year = {1996},
  title = {The Typology of Adjectival Predication},
  address = {Amsterdam},
  publisher = {Benjamins},
}

@ARTICLE{Whorf45,
  author = {Benjamin Whorf},
  year = {1945},
  title = {Grammatical categories},
  journal = {Language},
  volume = {21},
  pages = {1-11},
}

@INCOLLECTION{Wierz2000,
  author = {Anna Wierzbicka},
  title = {Lexical prototypes as a universal basis for cross-linguistic identificartion
	of \glqq parts-of-speech\grqq},
  pages = {47-64},
  editor = {Bernard Comrie and Petra M. Vogel},
  booktitle = {Approaches to the Typology of Word Classes},
  year = {2000},
  address = {Berlin},
  publisher = {Mouton de Gruyter},
}

@INCOLLECTION{Wierz95,
  author = {Anna Wierzbicka},
  title = {Adjectives vs. verbs: The iconicity of part-of-speech membership},
  pages = {223-246},
  editor = {Marge E. Landsberg},
  booktitle = {Syntactic Iconicity and Linguistic Freezes},
  year = {1995},
  address = {Berlin},
  publisher = {Mouton de Gruyter},
}

@ARTICLE{Wierz86,
  author = {Anna Wierzbicka},
  year = {1986},
  title = {What's in a noun (Or: How do nouns differ in meaning from adjectives?)},
  journal = {Studies in Language},
  volume = {10},
  pages = {353-389},
}

@BOOK{Wierz85,
  author = {Anna Wierzbicka},
  year = {1985},
  title = {Lexicography and Conceptual Analysis},
  address = {Ann Arbor},
  publisher = {Karoma},
}

@BOOK{Wittgenstein53,
  author = {Ludwig Wittgenstein},
  year = {1963},
  title = {Philosophische Untersuchungen},
  address = {Oxford},
  publisher = {Blackwell},
}

@ARTICLE{Dessaint80,
  author = {Ruben {Bareiro Saguer} and Michel Dessaint},
  year = {1980},
  title = {Esbozo del sistema lingüístico del guaraní paraguayo},
  journal = {\~Nemit\~y},
  volume = {5},
  pages = {13-22},
}

@BOOK{Galeano02,
  author = {David A. {Galeano Olivera}},
  year = {2002},
  title = {Guarani \~Ne'\~ekuaaty- Lingüística (en) Guarani},
  address = {Asunci\'on},
}

@BOOK{Galeano99,
  author = {David A. {Galeano Olivera}},
  year = {1999},
  title = {Diferencias Gramaticales entre el Guarani y el castellano: estudio
	contrastivo y su incidencia en la educaci\'on},
  address = {Asunci\'on},
}

@BOOK{Gonzalez72,
  author = {Dionisio M. {Gonzalez Torres}},
  year = {1972},
  title = {O Guarani},
  address = {Asunci\'on},
}

@BOOK{Osuna50,
  author = {A. {Jover Peralta} and Tomas Osuna},
  year = {1950},
  title = {Diccionario Guarani - espa\~nol espa\~nol - guarani - \~Ne'\~enguer\u{\i}r\'u
	ava\~ne'\~e - carai\~ne'\~e carai\~ne'\~e - ava\~ne'\~e},
  address = {Buenos Aires},
  publisher = {Linotipia L\'opez},
}

@BOOK{KdCsa,
  author = {Natalia {Krivoshein de Canese}},
  year = {s.a.},
  title = {\~Nemit\~y},
  address = {Asunci\'on},
  publisher = {Universidad Cat\'olica},
}

@BOOK{KdC2001,
  author = {Natalia {Krivoshein de Canese} and Feliciano {Acosta Alcaraz}},
  year = {2001},
  title = {Gram\'atica Guarani},
  address = {Asunci\'on},
  publisher = {CEPAG},
  series = {\~Nemit\~y},
}

@BOOK{Lino98,
  author = {Lino {Trinidad Sanabria}},
  year = {1998},
  title = {Polis\'{\i}ntesis Guaran\'{\i}},
  address = {Asunci\'on},
  publisher = {Intercontinental},
}

@BOOK{VanValin01,
  author = {Robert {Van Valin}},
  year = {2001},
  title = {Syntax},
  address = {Cambridge},
  publisher = {CUP},
}

@ARTICLE{VanValin90,
  author = {Robert {Van Valin}},
  year = {1990},
  title = {Semantic Parameters of Split Intransitivity},
  journal = {Language},
  volume = {66},
  pages = {221-260},
}

