@article{MacaulayBrice1997,
	author = {Monica Macaulay and Colleen Brice},
	journal = {Language},
	doi = {10.2307/417327},
	number = {4},
	pages = {798--825},
	title = {Don't Touch My Projectile: {{G}}ender Bias and Stereotyping in Syntactic Examples},
	volume = {73},
	year = {1997}
}


@misc{ChiarcosEtAl2017,
	author = {Christian Chiarcos and Maxim Ionov and Monika Rind-Pawlowski and Christian Fäth and Jesse Wichers Schreur and Irina Nevskaya},
	booktitle = {{Proceedings of Language, Data and Knowledge (LDK-2017), Galway, Ireland, June 2017}},
	title = {{LLOD}ifying linguistic glosses},
	year = {2017}
}

@article{FarrarLangendoen2003,
	author = {Scott Farrar and D. Terence Langendoen},
	number = {3},
	pages = {97--100},
	title = {A linguistic ontology for the Semantic Web},
journal = {GLOT International},
	volume = {7},
	year = {2003}
}


@InProceedings{ChiarcosIonov2019,
  author =	{Christian Chiarcos and Maxim Ionov},
  title =	{Ligt: An {LLOD}-Native Vocabulary for Representing Interlinear Glossed Text as {RDF}},
  booktitle =	{2nd Conference on Language, Data and Knowledge (LDK 2019)},
  pages =	{3:1--3:15},
  series =	{OpenAccess Series in Informatics (OASIcs)},
  year =	{2019},
  number =	{70},
  editor =	{Maria Eskevich and Gerard de Melo and Christian F{\"a}th and John P. McCrae and Paul Buitelaar and Christian Chiarcos and Bettina Klimek and Milan Dojchinovski},
  publisher =	{Schloss Dagstuhl--Leibniz-Zentrum fuer Informatik},
  address =	{Dagstuhl, Germany},
  doi =		{10.4230/OASIcs.LDK.2019.3}
}


@incollection{KempsSnijdersEtAl2008,
	author = {M. Kemps-Snijders and M. Windhouwer and P. Wittenburg and S. E. Wright},
	booktitle = {{Proceedings of the 6th International Conference on Language Resources and Evaluation ({LREC})}},
	pages = {887–891},
	title = {{ISO}cat: {{C}}orralling data categories in the wild},
	year = {2008}
}

@article{Haspelmath2007,
	author = {Haspelmath, Martin},
	journal = {Linguistic Typology},
	pages = {119--132},
	title = {Pre-established categories don’t exist: {{C}}onsequences for language description and typology},
	volume = {11.1},
	year = {2007}
}


@article{Goodman2015,
  author    = {Michael Wayne Goodman and
               Joshua Crowgey and
               Fei Xia and
               Emily M. Bender},
  title     = {Xigt: extensible interlinear glossed text for natural language processing},
  journal   = {LREC},
  volume    = {49},
  number    = {2},
  pages     = {455--485},
  year      = {2015},
  doi       = {10.1007/s10579-014-9276-1}
}


@article{ChristianChiarcosandMariaSukharevaSukhareva2015,
	author = {Christian Chiarcos and Maria Sukhareva},
	journal = {Semantic Web Journal},
	pages = {379–386},
	title = {{OL}iA - {{O}}ntologies of Linguistic Annotation},
	volume = {518},
	year = {2015}
}









@misc{DavidFilipSasaki2013,
	author = {David Filip and Shaun McCance and Dave Lewis and Christian Lieske and Arle Lommel and Jirka Kosek and Felix Sasaki},
	note = {0. Technical report, W3C Recommendation},
	title = {Internationalization Tag Set ({ITS}) {Version} 2},
	year = {2013}
}



@BOOK{ChiarcosEtAlEd2012,
  editor = {Christian Chiarcos and Sebastian Nordhoff and Sebastian Hellmann},
  year = {2012},
  title = {Linked Data in Linguistics. Representing Language Data and Metadata},
  address = {Heidelberg},
  publisher = {Springer}
}







@book{CimianoEtAl2020,
	address = {Cham},
	author = {Philipp Cimiano and Christian Chiarcos and John P. McCrae and Jorge Gracia},
	publisher = {Springer},
	title = {Linguistic Linked Data: {{R}}epresentation, Generation and Applications},
	year = {2020}
}

@incollection{Francois2008,
author = {Alex François},
title = {Semantic maps and the typology of colexification: {{I}}ntertwining polysemous networks across languages},
booktitle ={From Polysemy to Semantic Change},
editor = {Martine Vanhove},
pages = {163-216},
publisher = {John Benjamins},
address = {Amsterdam},
series = {Studies in Language Companion Series},
number = {106},
year = {2008}
}



@book{WilliamD.Lewis.ODIN:Amodelforadaptingandenrichinglegacyinfrastructureinfrastructure2006,
	address = {IEEE Computer Society. doi},
	author = {William D. Lewis. ODIN: A model for adapting and enriching legacy infrastructure},
	note = {1109/E-SCIENCE.2006.106.},
	number = {2006},
	publisher = {10},
	series = {e-Science},
	sortname = {William D. Lewis. ODIN: A model for adapting and enriching legacy infrastructure},
	title = {In Second International Conference on e-Science and Grid Technologies},
	year = {2006}
}




@book{JohnP.McCraeCimiano2017,
	address = {The Ontolex-Lemon model},
	author = {John P. McCrae and Julia Bosque-Gil and Jorge Gracia and Paul Buitelaar and Philipp Cimiano},
	note = {In Proceedings of eLex 2017 conference, pages 19–21.},
	publisher = {development and applications},
	year = {2017}
}




@misc{RobertSandersonSompel2013,
	author = {Robert Sanderson and Paolo Ciccarese and Herbert Van de Sompel},
	note = {Technical report, W3C Community Draft, 08 February 2013.},
	title = {Open Annotation Data Model},
	year = {2013}
}




@misc{RobertSandersonYoung2017,
	author = {Robert Sanderson and Paolo Ciccarese and Benjamin Young},
	note = {Technical report, W3C Recommendation},
	title = {{Web Annotation} Data Model},
	year = {2017}
}

@incollection{HellmannEtAl2013,
	author = {S. Hellmann and J. Lehmann and S. Auer and M. Brümmer},
	booktitle = {{Proceedings of the 12th International Semantic Web Conference, 21–25 October 2013, {Sydney}}},
	title = {Integrating {NLP} using Linked Data},
	year = {2013},
        url = {http://persistence.uni-leipzig.org/nlp2rdf}
}









@misc{StuartWeibelWolf2012,
	author = {Stuart Weibel and John Kunze and Carl Lagoze and Misha Wolf},
	note = {URL  (July 31, 2012), September 1998. Network Working Group.},
	title = {{RFC} 2413 - Dublin Core metadata for resource discovery},
	url = {http://www.ietf.org/rfc/rfc2413.txt},
	year = {2012}
}


@article{SeyfeddinipurEtAl2019,
	Author = {Seyfeddinipur, Mandana and Felix Ameka and Lissant Bolton and Jonathan Blumtritt and Brian Carpenter and Hilaria Cruz and Sebastian Drude and Patience L. Epps and Vera Ferreira and Ana Vilacy Galucio and Brigit Hellwig and Oliver Hinte and Gary Holton and Dagmar Jung and Irmgarda Kasinskaite Buddeberg and Manfred Krifka and Susan Kung and Miyuki Monroig and Ayu'nwi Ngwabe Neba and Sebastian Nordhoff and Brigitte Pakendorf and Kilu von Prince and Felix Rau and Keren Rice and Michael Rie{\ss}ler and Vera Szoelloesi Brenig and Nick Thieberger and Paul Trilsbeek and Hein van der Voort and Tony Woodbury},
	Journal = {Language Documentation \& Conservation},
	Keywords = {own,language documentation,best practice,data management},
	Month = {10    },
	Pages = {545-563},
	Shortjournal = {LD\&C},
	Subtitle = {Challenges and possible strategies},
	Title = {Public access to research data in language documentation},
	Url = {http://hdl.handle.net/10125/24901},
	Volume = {13},
	Year = {2019}}




@article{Schalley2019,
	volume = {13},
	author = {Schalley, Andrea C.},
	title = {Ontologies and ontological methods in linguistics},
	doi = {10.1111/lnc3.12356},
	number = {e12356},
	journal = {Lang Linguist Compass},
	year = {2019}
}




@book{J.Tandy2015,
	address = {W3C recommendation. Cambridge},
	author = {J. Tandy, I. Herman, G. Kellogg},
	publisher = {W3C},
	title = {Generating {RDF} from tabular data on the web},
	year = {2015}
}




@book{J.Tennison2014,
	title = {CSV on the web: {A} primer},
	author = {J. Tennison},
	series = {W3C working group note},
	address = {Cambridge},
	publisher = {W3C},
	year = {2014}
}




@book{C.Chiarcos2013,
	address = {7–25. Berlin},
	author = {C. Chiarcos, J. McCrae, P. Cimiano, C. Fellbaum},
	publisher = {Springer},
	title = {Towards open data for linguistics: {{L}}exical linked data, in New Trends of Research in Ontologies and Lexical Resources},
	year = {2013}
}




@misc{S.Cassidy2010,
	author = {S. Cassidy},
	title = {{An {RDF} realisation of {LAF} in the {DaD}a annotation server, in Proceedings of the 5th Joint {ISO}-{ACL}/{SIGSEM} Workshop on Interoperable Semantic Annotation ({ISA}-5), Hong {Kong}}},
	year = {2010}
}




@article{F.Gillis-Webber2019,
	author = {F. Gillis-Webber, S. Tittel},
	note = {:15.},
	number = {2019},
	pages = {1–4},
	series = {LDK},
	title = {The shortcomings of language tags for linked data when modeling lesser-known languages, in Proceedings of the 2nd Conference on Language, Data and Knowledge},
	volume = {4},
	year = {2019}
}




@book{T.Schmidt2006,
	address = {Proceedings of the E-MELD Workshop on Digital Language Documentation. 1-1. East Lansing},
	author = {T. Schmidt, C. Chiarcos, T. Lehmberg, G. Rehm, A. Witt, E. Hinrichs},
	publisher = {XZY},
	title = {Avoiding data graveyards: {{F}}rom heterogeneous data collected in multiple research projects to sustainable linguistic resources},
	year = {2006}
}




@misc{D.Langendoen2019,
	author = {D. Langendoen},
	note = {by A. Pareja-Lora, M. Blume, B. Lust, C. Chiarcos (MIT Press, Cambridge, MA)},
	title = {Whither {GOLD}? {{I}}n Development of Linguistic Linked Open Data Resources for Collaborative Data-Intensive Research in the Language Sciences, ed},
	year = {2019}
}


@article{Serasset2014,
	author = {S\'erasset, G.},
	journal = {Semantic Web Journal},
	url = {http://kaiko.getalp.org/about-dbnary},
	title = {{DB}nary: {{W}}iktionary as a lemon-based multilingual lexical resource in {RDF}},
	volume = {648},
	year = {2014}
}


@incollection{Cysouw2011,
	address = {Berlin, Boston},
	booktitle = {{E}xpecting the Unexpected: {{{E}}}xceptions in Grammar},
	editor = {Simon, Horst J. and Wiese, Heike},
	publisher = {De Gruyter Mouton},
	title = {Quantitative explorations of the worldwide distribution of rare characteristics, or: the exceptionality of northwestern {European} languages},
	year = {2011},
	author = {Michael Cysouw},
	doi = {https://doi.org/10.1515/9783110219098.411}
}


@article{HaleEtAl1992,
	author = {Hale, Kenneth and Krauss, Michael and  Watahomigie, Lucille J. and  Yamamoto, Akira Y. and  Craig, Colette and  Jeanne, LaVerne M. },
	journal = {Language},
	number = {1},
	pages = {1–42},
	title = {Endangered Languages},
	volume = {68},
	year = {1992}
}




@incollection{JoshiEtAl2020,
	author = {Pratik Joshi and Sebastin Santy and Amar Budhiraja and Kalika Bali and Monojit Choudhury},
	title = {The State and Fate of Linguistic Diversity and Inclusion in the {NLP} World},
	booktitle = {{Proceedings of the 58th Annual Meeting of the Association for Computational Linguistics}},
        pages = {6282–6293},
	year = {2020}
}


@incollection{FarrarLangendoen2010,
	address = {Dordrecht},
	author = {Scott Farrar and D. Terence Langendoen},
	title ={An {OWL-DL} implementation of {GOLD}: {{A}}n ontology for the {Semantic Web}},
	booktitle = {Linguistic Modeling of Information and Markup Languages: {{C}}ontributions to Language Technology},
	editor = { A. Witt and D. Metzing},
	publisher = {Springer},
	year = {2010}
}


@incollection{vonPrinceNordhoff2020,
title ={An empirical evaluation of annotation practices in corpora from language documentation},
author = {Kilu {von Prince} and Sebastian Nordhoff},
booktitle = {Proceedings of {LREC} 2020},
year = {2020},
publisher = {LREC},
address = {Marseille}
}


@inproceedings{Nordhoff2020lrec,
    title = "From the attic to the cloud: mobilization of endangered language resources with linked data",
    author = "Nordhoff, Sebastian",
    booktitle = "{Proceedings of the Workshop about Language Resources for the SSH Cloud}",
    month = may,
    year = "2020",
    address = "Marseille, France",
    publisher = "European Language Resources Association",
    url = "https://www.aclweb.org/anthology/2020.lr4sshoc-1.3",
    pages = "10--18"
}


@article {ListEtAl2020clics2,
      author = "Johann-Mattis List and Simon J. Greenhill and Cormac Anderson and Thomas Mayer and Tiago Tresoldi and Robert Forkel",
      title = "{CLICS2}: An improved database of cross-linguistic colexifications assembling lexical data with the help of cross-linguistic data formats",
      journal = "Linguistic Typology",
      year = "2018",
      volume = "22",
      number = "2",
      doi = "https://doi.org/10.1515/lingty-2018-0010",
      pages=      "277-306",
}

@incollection{Schalley2012,
	address = {Amsterdam and Philadelphia},
	author = {Schalley, A. C.},
	booktitle = {Practical theories and empirical practice. {{A}} linguistic perspective},
	editor = {A. C. Schalley},
	doi ={10.1075/hcp.40.06sch},
	pages = {129–155},
	publisher = {John Benjamins},
	title = {Many languages, one knowledge base: {{I}}ntroducing a collaborative ontolinguistic research tool},
	year = {2012}
}


@book{Moran2019phoible,
  address   = {Jena},
  editor    = {Steven Moran and Daniel McCloy},
  publisher = {Max Planck Institute for the Science of Human History},
  title     = {{PHOIBLE 2.0}},
  url       = {https://phoible.org/},
  year      = {2019}
}


@incollection{PaschenEtAl2020,
	author = {Paschen, Ludger and  François Delafontaine and  Christoph Draxler and  Susanne Fuchs and  Matthew Stave and Frank Seifart},
	booktitle = {{Proceedings of the 12th Conference on Language Resources and Evaluation (LREC 2020)}},
	title = {Building a Time-Aligned Cross-Linguistic Reference Corpus from Language Documentation Data ({DoReCo})},
	url = {http://www.lrec-conf.org/proceedings/lrec2020/pdf/2020.lrec-1.324.pdf},
	pages = {2657–2666},
	year = {2020}
}




@article{SeifartEtAl2018,
	author = {Seifart, Frank and Nicholas Evans and Harald Hammarström and Stephen C. Levinson},
	journal = {Language},
	title = {Language documentation 25 years on},
	volume = {94},
	number = {4},
	pages = {e324--e345},
	year = {2018}
}

@incollection{KislerEtAl2012,
	address = {Hamburg},
	author = {Kisler, T. and Schiel, F. and Sloetjes, H.},
	booktitle = {Proceedings Digital {Humanities}},
	pages = {30–34},
	title = {Signal processing via web services: {{T}}he use case {WebMAUS}},
	year = {2012}
}



@book{Lewis2006,
	title = {{ODIN}: {{A}} Model for Adapting and Enriching Legacy Infrastructure},
	booktitle = {{Proceedings of the E-­Humanities Workshop Held in Cooperation with E-­Science 2006}},
	author = {Lewis, William D.},
	address = {Amsterdam},
	publisher = {2nd IEEE International Conference on E-­Science and Grid Computing},
	year = {2006}
}
@book{RzymskiTresoldi2019,
	author = {Christoph Rzymski and  Tiago Tresoldi and  Simon J. Greenhill and  Mei-Shin Wu and  Nathanael E. Schweikhard and  Maria Koptjevskaja-Tamm and  Volker Gast and  Timotheus A. Bodt and  Abbie Hantgan and  Gereon A. Kaiping and  Sophie Chang and  Yunfan Lai and  Natalia Morozova and  Heini Arjava and  Nataliia Hübler and  Ezequiel Koile and  Steve Pepper and  Mariann Proos and  Briana Van Epps and  Ingrid Blanco and  Carolin Hundt and  Sergei Monakhov and  Kristina Pianykh and  Sallona Ramesh and  Russell D. Gray and  Robert Forkel and Johann-Mattis List},
	doi = {10.1038/s41597-019-0341-x},
	title = {The Database of Cross-Linguistic Colexifications, reproducible analysis of cross- linguistic polysemies},
	year = {2019},
	journal = {Sci Data},
	volume = {7},
	pages = {13}
}


@article{ForkelEtAl2018,
	author = {Robert Forkel and  Johann-Mattis List and  Simon J. Greenhill and  Christoph Rzymski and  Sebastian Bank and  Michael Cysouw and  Harald Hammarström and  Martin Haspelmath and  Gereon A. Kaiping and Russell D. Gray},
	journal = {Scientific Data},
	pages = {180205},
	title = {Cross-Linguistic Data Formats, advancing data sharing and re-use in comparative linguistics},
	volume = {5},
	year = {2018}
}


@article{SchieringEtAl2010,
	author = {Schiering, R. and Bickel, B. and Hildebrandt, K.},
	journal = {Journal of Linguistics},
	doi = {10.1017/S0022226710000216},
	number = {3},
	pages = {657--709},
	title = {The prosodic word is not universal, but emergent},
	volume = {46},
	year = {2010}
}

@book{Gawne2015,
year = {2015+},
title = {{Kagate (Syuba), an endangered Tibeto-Burman language of Nepal}},
url = {https://elar.soas.ac.uk/Collection/MPI971098},
author = {Lauren Gawne},
publisher = {ELAR},
address = {London}
}


@book{ELAN,
	author = {Wittenburg, Peter and Brugman Hennie and Russel, Albert and Klassmann, Alex and Sloetjes, Han},
	booktitle = {{Proceedings of LREC 2006, Fifth International Conference on Language Resources and Evaluation}},
	title = {{ELAN}: {{A}} Professional Framework for Multimodality Research},
	year = {2006}
}




@article{KotekEtAl2021,
	author = {Kotek, H. and Dockum, Rikker and Babinski, S. and Geissler, C.},
	journal = {Language},
	doi = {10.1353/lan.2021.0060},
	number = {4},
	pages = {653--677},
	title = {Gender bias and stereotypes in linguistic example sentences},
	volume = {97},
	year = {2021}
}


@article{LewisXia2010,
	author = {William D. Lewis and Fei Xia},
	title = {Developing {ODIN}: {A} Multilingual Repository of Annotated Language Data for Hundreds of the World's Languages},
	journal = {Journal of Literary and Linguistic Computing (LLC)},
	number = {3},
	pages = {303--319},
	volume = {25},
	year = {2010}
}


@incollection{XiaEtAl2014,
	author = {Fei Xia and William D. Lewis and Michael W. Goodman and Joshua Crowgey and Emily M. Bender},
	number = {2014},
	title = {Enriching {ODIN}},
	booktitle = {{Proceedings of the 9th International Conference on Language Resources and Evaluation}},
	year = {2014}
}

@inproceedings{Nordhoff2020coling,
    title = {Modelling and Annotating Interlinear Glossed Text from 280 Different Endangered Languages as Linked Data with {LIGT}},
    author = {Nordhoff, Sebastian},
    booktitle = {{Proceedings of the 14th Linguistic Annotation Workshop}},
    year = {2020},
    address = {Barcelona},
    publisher = {Association for Computational Linguistics},
    url = {https://aclanthology.org/2020.law-1.9},
    pages = {93--104},

}



@INCOLLECTION{Drude2002,
  author = {Sebastian Drude},
  year = {2002},
  title = {Advanced glossing: {{A}} language documentation format and its implementation 	with {Shoebox}},
  booktitle = {{Proceedings of the International LREC workshop on Resources and Tools 	in Field Linguistics}},
  editor = {Peter Austin and Helen Dry and Peter Wittenburg}
}

@InProceedings{Ionov2021,
  author =	{Ionov, Maxim},
  title =	{{APiCS-Ligt}: {T}owards Semantic Enrichment of Interlinear Glossed Text},
  booktitle =	{{3rd Conference on Language, Data and Knowledge (LDK 2021)}},
  pages =	{27:1--27:8},
  series =	{Open Access Series in Informatics (OASIcs)},
  year =	{2021},
  volume =	{93},
  editor =	{Gromann, Dagmar and Sérasset, Gilles and Declerck, Thierry and McCrae, John P. and Gracia, Jorge and Bosque-Gil, Julia and Bobillo, Fernando and Heinisch, Barbara},
  publisher =	{Schloss Dagstuhl -- Leibniz-Zentrum für Informatik},
  address =	{Dagstuhl, Germany},
  doi =		{10.4230/OASIcs.LDK.2021.27}
}

@incollection{KlamerEtAl2017plural,
author = {Marian Klamer and Antoinette Schapper and Greville Corbett},
title = {Plural number words in the Alor-Pantar languages},
pages =  {365–403},
doi = {10.5281/zenodo.569397},
editor = {Klamer, Marian},
booktitle = {The {Alor} {Pantar} languages},
year = {2017},
series = {Studies in Diversity Linguistics},
number = {3},
address = {Berlin},
publisher = {Language Science Press},
doi = {10.5281/zenodo.437098}
}


@InProceedings{NordhoffEtAl2016,
  Title                    = {{The Alaskan Athabascan Grammar Database}},
  Author                   = {Sebastian Nordhoff and Siri Tuttle and Olga Lovick},
  Booktitle                = {{Proceedings of the Tenth International Conference on Language Resources and Evaluation (LREC 2016)}},
  Year                     = {2016},
  Address                  = {Paris, France},
  Editor                   = {Nicoletta Calzolari (Conference Chair) and Khalid Choukri and Thierry Declerck and Sara Goggi and Marko Grobelnik and Bente Maegaard and Joseph Mariani and Helene Mazo and Asuncion Moreno and Jan Odijk and Stelios Piperidis},
  Month                    = {5},
  Publisher                = {European Language Resources Association (ELRA)},
  Location                 = {Portorož}
}

@article{HammarstroemForkel2021,
  author  = {Harald Hammarström and Robert Forkel},
  journal = {Semantic Web Journal},
  title   = {Glottocodes: Identifiers Linking Families, Languages and Dialects to Comprehensive Reference Information},
  url     = {http://www.semantic-web-journal.net/system/files/swj2843.pdf},
  year    = {2021}
}

@inproceedings{NordhoffEtAl2012lrec,
  author    = {Sebastian Nordhoff and Harald Hammarström},
  booktitle = {Proceedings of LREC 2012},
  title     = {Glottolog/Langdoc: Increasing the visibility of grey literature for low-density languages},
  year      = {2012}
}


@book{MichaelisEtAl2013,
	address = {Leipzig},
	booktitle = {Atlas of {Pidgin} and {Creole} Language Structures Online},
	editor = {Michaelis, Susanne Maria and Maurer, Philippe and Haspelmath, Martin and Huber, Magnus},
	note = {http://apics-online.info},
	publisher = {Max Planck Institute for Evolutionary Anthropology},
	title = {Atlas of {Pidgin} and {Creole} Language Structures Online},
	urldate = {2022-04-04},
	year = {2013}
}





@book{ComrieHaspelmathBickel2008,
	title = {The {Leipzig Glossing Rules}: {C}onventions for interlinear morpheme-by-morpheme glosses},
	author = {Bernard Comrie and Martin Haspelmath and Balthasar Bickel},
	publisher = {Max Planck Institute for Evolutionary Anthropology},
	address = {Leipzig},
	url = {https://www.eva.mpg.de/lingua/pdf/Glossing-Rules.pdf},
	year = {2008},
	urldate = {2022-04-03},
}


@misc{NordhoffEtAl2022,
	author = {Sebastian Nordhoff and Thomas Krämer and Robert Forkel},
	note = {Data set},
	doi = {10.5281/zenodo.6413686},
	title = {{IMT} {V}ault (v1.0)},
	year = {2022},
	keywords = {resource}
}
@book{Glottolog45,
	address = {Leipzig},
	author = {Hammarström, Harald and Forkel, Robert and Haspelmath, Martin and Bank, Sebastian},
	doi = {https://doi.org/10.5281/zenodo.5772642},
	publisher = {Max Planck Institute for Evolutionary Anthropology},
	sortname = {Hammarstrom, Harald and Forkel, Robert and Haspelmath, Martin and Bank, Sebastian},
	title = {Glottolog 4.5},
	year = {2021},
	keywords = {resource}
}

